3000 4850
267 315 339 391 144
529 317 741 401 QUERCIUS
766 317 811 385 IN
837 316 1112 384 HERthlADlS

263 485 524 566 videinpoemat.
536 459 628 544 huius
642 485 856 564 argumentis.
871 485 945 550 490.
987 484 1108 542 nullum
1121 483 1202 542 enim
1218 480 1373 543 aliudluit
1487 473 1488 488 ¹

265 572 382 631 hellam
395 572 524 629 navale
515 582 594 630 mter
604 571 779 630 Heraclium
790 567 991 630 etChosroarn
1004 579 1123 650 praeter
1134 567 1169 627 id
1183 567 1266 650 quod
1278 589 1372 674 prope

265 660 386 717 moenia
401 657 483 715 urhis
500 657 628 736 cpoleos
643 667 744 715 aetum
758 665 815 715 est.
859 675 930 714 oum
946 666 1048 714 autem
1063 653 1143 713 dieat
1146 659 1219 757 ⁸yria
1232 659 1373 734 κυμαιιῖ-

265 762 317 807 σαι
336 748 400 815 ταῖς
420 734 564 818 liliosae,
600 739 634 800 id
655 739 889 821 intelligendum
911 738 949 799 de
973 738 1154 799 caedibus
1144 742 1371 800 unmanissimis

265 826 519 901 Christianorum,
552 847 627 910 quas
644 829 677 885 in
692 837 755 886 tota
774 827 862 908 Syria
884 837 914 886 et
929 824 1054 886 Perside
1067 823 1215 886 Chosroes
1231 827 1369 906 patrarit.

214 933 227 944 ⁴
264 911 335 974 vide
351 912 389 971 de
401 910 519 991 Ειφιᾰ.
537 915 558 976 0
580 915 652 976 108

349 999 402 1060 80.
445 997 554 1056 οΙιιίιιι
569 1017 662 1078 quam
677 1018 768 1079 supra
780 972 946 1057 chosroam
959 1007 1068 1078 aequat
1086 994 1268 1070 Nembsodo,
1287 995 1370 1054 ouius

263 1085 328 1144 vim
340 1085 471 1144 nominis
487 1103 556 1142 eam
575 1104 640 1143 esse
661 1081 765 1143 dieunt
786 1095 820 1143 ut
832 1081 1023 1142 idololatram
1039 1093 1202 1162 tyrannum
1217 1092 1248 1140 et
1261 1083 1369 1162 gigan-

262 1181 327 1228 tem
342 1169 500 1251 significet.
537 1167 640 1228 Pisida
655 1170 816 1228 manifeste
833 1171 1003 1228 versionem
1014 1171 1056 1232 70
1078 1177 1197 1227 seoutus
1218 1165 1257 1226 de
1271 1164 1369 1225 Chos-

264 1275 317 1313 roa
331 1252 404 1312 dicit
420 1256 584 1336 ριγαιτιᾶι.
607 1255 660 1312 ubi
678 1258 761 1314 enim
772 1255 902 1334 Vulgata
920 1253 997 1313 Gen.
1017 1256 1092 1318 108
1108 1253 1211 1331 legit
1198 1273 1261 1330 epse
1274 1251 1368 1310 Ns'm-

263 1340 322 1398 rod
340 1341 436 1417 eoepit
459 1359 520 1397 esse
536 1351 646 1416 potens
664 1341 699 1399 in
718 1352 819 1413 utra,
849 1349 975 1420 septus
958 1342 1039 1397 uinta
1058 1340 1234 1416 interpretes
1255 1335 1367 1395 habent

263 1417 354 1528 ρῦιος
368 1421 480 1504 ἤρξατο
495 1418 573 1486 εἶναι
587 1426 674 1508 γίγας
687 1425 790 1490 tut
750 1449 806 1509 της
819 1429 885 1511 γῆς.
906 1423 958 1485 hie
972 1427 1107 1484 senarius
1122 1425 1229 1483 eitatn
1241 1439 1258 1480 a
1272 1419 1366 1482 Suida

262 1513 295 1568 iu
310 1530 340 1569 v.
360 1515 395 1571 Γι
415 1512 513 1594 ανιιρῖ.

347 1598 399 1659 81
397 1532 414 1591 γ
442 1605 522 1653 reete
534 1595 722 1654 Baltasarem
742 1616 847 1676 regem
866 1597 1032 1674 Babylonis
1049 1589 1113 1675 opti
1130 1587 1254 1656 πάντων
1266 1594 1367 1653 verius

262 1691 293 1739 et
304 1680 414 1738 melius
429 1698 521 1761 quam
535 1691 649 1740 eeteros
661 1692 805 1761 tyrannos
819 1693 916 1740 terrae
929 1682 1082 1739 imitatum
1101 1700 1166 1739 esse
1184 1677 1256 1738 dioit
1270 1677 1366 1738 chos-

261 1783 365 1825 roam:
387 1776 422 1824 ut
444 1767 526 1824 enim
547 1766 601 1824 ille
619 1786 691 1826 rasa
710 1765 748 1826 de
762 1768 875 1846 templo
889 1767 1109 1825 Hierusalem
1123 1759 1366 1824 Nabuchodono·
1489 1783 1490 1806 ι

261 1871 328 1911 sore
349 1860 498 1932 asportata
516 1852 597 1910 inter
616 1850 839 1912 eonvivandmn
859 1849 1060 1911 contaminare
1079 1870 1141 1910 non
1162 1850 1297 1925 erubuit,
1324 1851 1365 1908 ita
1489 1851 1490 1860 ’

261 1935 409 1996 chosroes
428 1937 592 2016 lignums.
616 1940 729 2014 oruois,
762 1935 845 2019 quod
864 1939 901 1996 ab
924 1936 1031 1997 eodem
1052 1937 1167 2015 templo
1184 1895 1316 2016 abripuit
1337 1946 1366 1992 et
1489 1961 1490 1976 ι

261 2042 364 2082 secum
380 2041 449 2081 αιιιιι
460 2022 578 2080 infinito
592 2026 779 2102 captivorum
790 2043 916 2083 numero
932 2021 1068 2098 abduxit,
1090 2022 1271 2101 profanavit.

345 2111 397 2172 80.
439 2101 572 2171 salceio
602 2107 676 2193 quid
698 2109 864 2190 intelligat,
907 2106 977 2169 vide
1003 2108 1041 2166 de
1060 2067 1177 2188 ’Esped
1203 2111 1225 2172 0
1250 2107 1311 2171 107
1338 2117 1365 2164 ιι

260 2215 398 2342 “wils-
441 2279 567 2338 Dauid.
588 2277 608 2341 6
629 2279 662 2343 5.

345 2365 398 2429 85.
441 2363 552 2425 Suidas
568 2361 661 2422 hahet
675 2361 757 2422 huno
771 2363 907 2425 iambum
921 2364 954 2422 in
969 2383 999 2425 ι.
1016 2365 1135 2449 ψῆφος.
1173 2363 1288 2424 'similis
1310 2381 1363 2421 su·

259 2460 323 2509 tem
335 2446 407 2508 huie
423 2460 468 2509 est
481 2452 542 2515 885
557 2450 595 2507 ds
608 2449 691 2507 Bell.
707 2448 809 2511 Ahar.

345 2538 397 2599 86.
441 2537 525 2594 varia
539 2536 755 2614 suppliciorum
769 2554 897 2615 genera,
925 2535 1034 2615 quibus
1046 2532 1192 2593 chosroes
1207 2536 1237 2591 in
1250 2536 1364 2591 Roma·
1490 2528 1491 2549 ¹

257 2638 314 2678 nos
330 2622 455 2695 saeviit,
484 2640 681 2695 enumerans,
710 2623 811 2700 ipsum
832 2618 958 2703 quidem
972 2631 1150 2701 tyranuum,
1178 2616 1362 2679 christianos
1490 2628 1491 2635 ’

256 2715 359 2763 autem
372 2716 519 2785 martyres
537 2706 631 2765 fuisse
649 2704 799 2785 designat.

344 2794 396 2855 38.
438 2787 521 2849 hano
542 2802 572 2850 et
583 2810 677 2871 prope
691 2801 869 2874 sequentem
883 2791 1036 2850 senarium
1047 2790 1149 2849 confer
1167 2807 1236 2847 cum
1252 2807 1284 2846 v.
1300 2786 1360 2852 487

256 2886 285 2933 et
300 2896 381 2955 seqq.
402 2875 441 2935 de
456 2876 539 2934 Bell.
555 2876 658 2935 Ahar

342 2964 394 3024 40.
439 2982 508 3020 oum
521 2964 603 3020 enim
615 2964 717 3022 Siroes
728 2960 861 3022 chosroe
875 2964 1008 3020 extincto
1021 2978 1128 3039 paoem
1141 2978 1210 3017 oum
1221 2958 1361 3017 Heraclio

255 3048 490 3126 composuisset,
520 3040 655 3123 πάντας,
683 3060 717 3106 ut
738 3045 831 3107 hahet
851 3044 1055 3126 Theophanes
1074 3065 1111 3122 p
1130 3050 1210 3119 272,
1238 3038 1311 3117 τούς
1329 3042 1363 3106 is

254 3138 407 3214 φρουραῖς
430 3129 633 3239 Χριστιανοὺς
653 3132 705 3194 καὶ
730 3130 802 3206 rode
831 3132 864 3195 ἐν
887 3132 1015 3213 Περσίδι
1044 3129 1133 3235 ιιᾶσρ
1154 3124 1363 3209 αἰχμαλώτους

253 3216 429 3299 stupidum
449 3212 545 3303 stirp,
579 3214 638 3280 osis
659 3222 702 3279 eoi
723 3213 890 3299 πατριάρχη
915 3218 1065 3301 Ζαχαρία,
1097 3210 1156 3279 osiv
1174 3222 1237 3289 τοῖς
1251 3216 1363 3295 τιμίοις

253 3300 338 3376 stall
321 3306 481 3379 ζωοποιοῖς
493 3263 593 3405 §illese
605 3309 671 3390 ταῖς
679 3282 715 3379 ἐξ
728 3300 918 3385 Ἱερουσαλημ
931 3308 1087 3383 ληφθεῖσι.

339 3390 391 3451 41.
436 3387 473 3446 de
491 3391 581 3446 variis
595 3384 813 3447 tormentorum
826 3388 1007 3467 generibus,
1031 3406 1108 3468 quae
1123 3382 1226 3443 Pisida
1243 3386 1360 3463 postiae

254 3470 406 3546 describit,
430 3472 632 3533 consulendus
645 3476 802 3533 Gallonius
817 3474 854 3532 de
868 3496 908 3533 ss
926 3482 1093 3551 martyrum
1108 3472 1233 3529 cruciat.
1246 3490 1283 3547 p.
1307 3474 1359 3531 16:

253 3567 288 3614 ιιι
302 3568 399 3637 mart)
400 3578 447 3616 res
463 3560 545 3616 enim
560 3560 712 3618 Romanos
732 3562 861 3618 aPersis
874 3561 991 3662 'laqueo
1013 3575 1173 3636 suspensos
1192 3565 1222 3612 et
1238 3564 1359 3613 neoatos

252 3638 373 3700 videtur
385 3654 606 3744 repraesentare
620 3644 703 3703 idem
714 3650 815 3724 poeta,
830 3664 883 3725 qus
874 3644 1000 3725 'procul
1016 3640 1152 3701 dubios
1166 3642 1359 3698 Anastasium

252 3729 376 3785 Persam
402 3730 526 3809 eiusque
551 3733 741 3809 septuaginta
767 3732 864 3790 socios
886 3740 1034 3810 martyres
1058 3729 1097 3787 ob
1119 3728 1222 3786 oeulos
1243 3722 1357 3799 hahuit,

252 3810 326 3870 dum
341 3810 416 3873 haee
426 3816 585 3873 scribebat.

336 3898 391 3963 40.
433 3896 512 3957 liano
533 3920 664 3979 poenam
688 3898 843 3980 quondam
866 3920 884 3959 a
906 3898 1037 3959 dominis
1056 3898 1153 3977 infligi
1168 3898 1357 3956 consuevisse

249 3986 359 4057 servis,
389 3986 473 4041 testis
494 3996 539 4042 est
560 3983 777 4065 Aristophanes
799 3990 889 4065 Βαιρ.
909 3989 981 4051 638.
1024 3986 1068 4043 ihi
1084 3986 1166 4042 enim
1178 3984 1277 4039 varias
1293 3990 1356 4039 tor·

250 4078 422 4128 mentorum
434 4073 548 4148 speeies
562 4072 716 4149 eleganter
727 4080 895 4128 enumerat.
952 4080 982 4129 at
996 4069 1100 4129 Pisida
1113 4087 1174 4127 uua
1189 4086 1260 4125 cum
1273 4076 1355 4125 sesto

249 4155 411 4233 fuhginem
430 4174 487 4233 per
506 4176 594 4215 nares
616 4161 766 4234 ingestam
783 4176 800 4214 a
818 4158 917 4215 Persis
931 4154 1040 4231 tradit,
1070 4166 1104 4214 ut
1124 4157 1157 4212 in
1171 4150 1355 4213 christianos

249 4244 348 4319 magis
361 4242 512 4299 saevitum
528 4261 594 4300 esse
611 4240 749 4299 ostendat
763 4260 855 4322 quam
870 4240 935 4299 fieri
950 4243 1060 4301 soleret
1073 4243 1106 4299 in
1117 4258 1231 4298 servos.

333 4325 386 4390 45.
431 4328 521 4404 ιοιίι,
551 4324 858 4409 equuleo,·trocheis
877 4327 1004 4408 allisque
1020 4326 1227 4387 instrumentis
1244 4330 1355 4401 marty·
