3000 4850
257 291 463 364 osonum
485 291 545 359 DE
570 290 605 362 S.
628 287 784 360 soram
809 290 1156 362 COMMENTARIUS.
1210 293 1283 366 157

183 469 260 532 nori
269 465 371 545 ipsmn
383 453 459 525 scir
471 479 526 520 sen
538 453 665 517 eborum
676 456 806 538 intelligi
819 457 979 520 observant
989 461 1047 520 viri
1062 457 1152 520 docti.
1183 479 1201 520 a
1215 458 1282 520 dia-

184 554 285 612 conico
305 551 414 627 igitur,
439 542 520 626 quod
538 554 624 603 extra
646 542 754 603 aedem
772 547 905 620 exstitit,
926 563 981 626 per
994 548 1109 605 soleam
1123 557 1284 606 transemi-

183 638 254 697 darn
273 635 332 694 fuit
354 629 501 692 sacerdoti
514 628 554 688 ad
566 631 655 689 bema
667 631 805 710 pergenti
826 629 902 707 (neo
917 633 1045 707 mirum,
1068 651 1138 690 curn
1153 633 1282 692 bematis
1309 629 1312 642 '

182 726 260 783 iores
287 721 388 779 soleas
415 712 687 793 obversarentur),
719 713 847 794 proinde
877 735 933 794 per
958 735 1026 775 eam
1049 716 1132 776 aedis
1153 729 1281 797 partem,

185 829 259 890 qnae
278 808 368 864 bema
382 822 400 861 a
414 806 479 887 ναῷ
494 802 614 881 proprie
630 810 752 879 sumpto
773 798 953 880 disparabat.
998 812 1088 883 atque
1112 801 1188 862 haec
1211 812 1282 862 sunt

184 913 258 975 quae
274 891 312 951 de
327 887 403 949 aede
418 885 571 967 Sopbiana
584 888 712 966 sparsim
728 883 809 968 apud
825 888 983 967 scriptores
996 907 1052 969 per
1067 891 1210 969 temporis
1225 909 1282 946 an-

167 981 310 1060 gustiam
323 977 482 1036 observare
493 974 590 1033 licuit.
621 1007 625 1014 ·

620 1283 827 1298 m

329 1521 680 1635 ANSELMI
732 1521 1125 1634 BANDURII
1295 1551 1386 1612 rra

182 1739 226 1797 lli
244 1736 526 1798 sampsonis
546 1738 762 1797 ANONYMI
782 1739 842 1796 DE
863 1736 1276 1812 ANTIQUITATIBUS

581 1855 871 1915 cuonlssuls

365 2005 1031 2118 sssnumru

237 2177 368 2266 oni
407 2177 501 2266 os
545 2177 748 2264 Asos
795 2171 1211 2287 sosarnus,

477 2371 974 2441 COMMENTARIUS.

175 2570 408 2685 Asgusrssrmr
427 2604 460 2665 s.
479 2602 612 2687 sapsas
631 2606 739 2688 empta
760 2608 825 2683 oe,
857 2625 876 2666 s
899 2607 1064 2666 tustanus
1086 2606 1129 2665 sr.
1152 2605 1276 2666 russis.

175 2693 343 2771 sumptibus
369 2690 498 2767 conditi,
520 2693 735 2773 quamplurimi
756 2712 797 2751 ex
819 2694 1010 2773 scriptoribus
1027 2694 1201 2773 Byzantinis
1221 2690 1277 2750 de-

175 2780 369 2855 scriptionem
392 2775 524 2836 edidere.
568 2788 599 2837 at
612 2790 645 2838 ut
661 2781 770 2838 missos
786 2779 896 2837 faciam
910 2782 1068 2857 scriptores
1083 2779 1151 2837 illos
1167 2780 1218 2859 qui
1236 2776 1276 2836 da

174 2872 321 2922 sunctnra
340 2860 425 2920 aedis
443 2864 475 2922 S.
488 2860 620 2943 Sophiae
634 2864 731 2922 obiter
742 2873 921 2937 tractarunt,
943 2864 1105 2942 Procopius
1122 2866 1175 2943 qui
1189 2860 1275 2921 aedi-

173 2948 239 3005 licia
253 2968 271 3006 a
286 2950 453 3007 lastiniano
467 2950 510 3006 M.
526 2951 656 3007 excitata
670 2950 839 3007 luculenter
850 2950 935 3007 libris
948 2959 1014 3007 octo
1030 2958 1174 3019 recenset,
1195 2948 1273 3007 libro
1334 2984 1336 2991 ·

174 3034 238 3112 ipso
251 3037 351 3113 primo
365 3053 392 3091 c.
410 3035 428 3096 1
444 3031 482 3091 de
498 3034 582 3093 aedis
595 3033 767 3114 Sophianae
782 3045 929 3093 structura
946 3037 1024 3112 agit3
1047 3036 1100 3113 qui
1121 3033 1192 3090 licet
1210 3053 1273 3092 non

174 3120 216 3178 ita
229 3121 334 3178 multis
349 3118 387 3177 de
402 3133 437 3176 en
450 3121 576 3194 scribat,
598 3131 731 3179 attamen
750 3122 822 3200 quia
842 3120 999 3178 iustiniani
1016 3118 1199 3197 temporibus
1214 3118 1273 3177 flo-

174 3205 273 3279 rebat,
302 3206 368 3263 iure
392 3206 500 3263 merito
526 3204 584 3265 bac
604 3208 637 3263 in
662 3226 694 3264 re
714 3208 794 3263 inter
815 3208 973 3285 scriptores
992 3205 1109 3263 solutae
1131 3205 1274 3266 orationis

173 3292 341 3370 principem
363 3290 463 3347 locum
486 3300 579 3350 tenet.
623 3292 761 3350 altercat
779 3291 861 3349 illius
878 3292 945 3349 aeri
960 3292 1085 3369 scriptor
1103 3310 1157 3348 seu
1174 3296 1273 3368 potita,

172 3376 285 3434 Paulus
299 3377 445 3433 nimirum
458 3374 663 3453 silentiarius,
685 3378 738 3458 qui
759 3378 889 3434 carmine
906 3374 1027 3435 heroico
1044 3384 1074 3433 et
1088 3375 1275 3454 pereleganti

172 3459 321 3541 lsppucw
340 3462 447 3539 templi
468 3460 500 3520 8.
520 3460 652 3540 Sophiae
675 3463 826 3535 exaravit,
850 3463 903 3542 qui
921 3481 993 3520 sane
1012 3463 1138 3539 scriptor
1156 3464 1276 3540 prasoi-

172 3565 264 3625 pusm
278 3548 387 3605 mereri
399 3543 523 3605 laudem
534 3546 654 3606 videtur
666 3566 700 3605 ac
713 3546 1021 3621 commendationem,
1046 3556 1080 3617 ut
1098 3548 1140 3605 ait
1153 3548 1277 3605 Ducan-

172 3634 240 3710 gins
262 3634 295 3689 in
319 3632 519 3711 praefatione,
542 3632 623 3714 quod
639 3642 757 3711 praeter
774 3634 939 3691 carminum
954 3632 1134 3711 elegantiam
1152 3650 1277 3691 accura-

172 3726 235 3775 tam
254 3718 460 3795 augustissimi
479 3720 587 3798 templi
607 3716 839 3798 descriptionem
854 3721 968 3799 vixque
988 3718 1200 3777 oculatioribus
1217 3714 1277 3775 ba-

173 3812 276 3861 ctenus
288 3804 474 3861 intellectam
486 3805 573 3863 nobis
586 3814 799 3883 repraesentet.
843 3806 926 3863 enim
940 3822 1013 3862 vero
1030 3822 1092 3861 non
1109 3802 1230 3861 defuere
1245 3810 1276 3860 et

172 3889 381 3970 subsequentis
402 3892 470 3949 aevi
487 3893 663 3968 scriptores,
693 3891 746 3969 qui
765 3886 803 3947 de
825 3887 907 3949 aedis
931 3886 1103 3970 Sopbiauaa
1129 3898 1276 3947 structura

172 3973 303 4051 integros
328 3984 472 4033 tractatus
498 3979 662 4054 scripsere,
697 3972 830 4034 eodinus
856 3975 987 4049 scilicet,
1016 3977 1147 4032 incertus
1172 3982 1276 4030 auctor

173 4058 424 4134 eambefisisnus,
445 4077 480 4118 ac
500 4062 591 4119 ceteri
612 4061 770 4139 Originum
787 4060 835 4118 GP
852 4062 1010 4138 scriptores
1028 4056 1143 4116 inediti.
1187 4059 1219 4113 in
1236 4058 1275 4115 iis

173 4154 272 4203 autem
293 4147 461 4225 principem
484 4148 586 4206 locum
610 4156 692 4205 tenet
713 4148 893 4224 Anonymus
913 4154 1032 4217 noster,
1062 4145 1126 4203 sira
1143 4150 1274 4199 aetatem

173 4244 231 4307 qna
254 4234 414 4311 scripserat
433 4234 498 4292 sire
519 4229 656 4291 ordinem
679 4249 715 4291 ac
735 4229 924 4309 diligentiam
939 4248 999 4310 qua
1012 4235 1208 4286 monumenta
1223 4245 1274 4284 re-

174 4327 270 4379 censet
283 4326 411 4400 spectes.
452 4335 551 4403 neque
564 4316 622 4380 soli
634 4319 792 4400 scriptores
806 4316 913 4376 Graeci
928 4312 1011 4374 aedis
1028 4309 1198 4393 Sophianae
1214 4310 1270 4371 de-
