3000 4850
498 320 696 392 PERSIGAE
717 322 926 392 scnossllt
949 326 993 393 ll.
1019 342 1021 351 ’
1225 329 1297 403 107

277 486 351 557 253.
384 482 532 547 labeum
553 498 628 569 puto
647 490 836 570 intelligere,
857 490 988 551 militare
1012 492 1164 557 vexillum
1186 514 1296 557 mono·

191 590 358 659 grammate
376 562 471 674 X
494 578 684 656 distmctum,
707 580 792 663 qnod
809 582 847 641 cb
864 583 1005 641 omnibus
1022 584 1087 643 iere
1105 586 1296 665 imperatori-

191 670 249 729 bus
262 679 332 749 post
343 671 572 731 constentinmn
583 673 745 751 Megunm,
764 672 817 753 qni
828 670 907 731 illud
920 675 1052 749 invexit,
1074 686 1224 737 retentum
1235 688 1293 738 est.

190 756 246 813 ille
273 757 357 813 enim
388 760 504 838 primns
528 758 756 836 imperatorium
779 756 928 817 vexillum
947 757 987 817 ad
1008 761 1103 819 crucis
1124 762 1291 844 exemplar,

191 840 252 900 noi
269 841 395 901 coelitus
411 854 582 916 ostensum,
605 844 639 905 in
650 862 740 902 verae
754 845 849 901 crucis
861 842 992 903 formem
1004 850 1213 924 commutavit,
1234 846 1292 907 ad-

191 924 255 985 dito
277 924 388 986 Christi
405 931 548 1002 nomine,
570 924 687 987 dnobus
704 929 828 988 tireecis
844 929 1002 989 elementis
1016 948 1176 1009 expresso,
1199 944 1293 993 otest

189 1008 273 1091 apud
288 1012 455 1072 lluselsium
469 1016 502 1072 in
516 1015 581 1071 eins
594 1015 656 1071 vite
673 1012 727 1071 tib.
747 1018 763 1076 1
781 1036 807 1072 c.
824 1014 876 1078 26.
920 1014 1003 1095 quod
1016 1018 1138 1094 signnm
1153 1036 1222 1077 cum
1237 1017 1294 1077 de-

189 1095 382 1157 formidasset
393 1100 505 1180 impius
519 1100 654 1159 lulianus
669 1109 700 1159 et
716 1098 904 1179 abrogasset,
925 1110 1002 1161 teste
1013 1101 1182 1161 sozomeno
1198 1103 1219 1167 6
1242 1108 1292 1178 16,

190 1184 293 1241 statim
324 1186 518 1243 restituerunt
544 1186 705 1243 Gratianus
729 1186 1029 1261 et·Valentinienus,
1064 1196 1098 1245 nt
1120 1198 1223 1247 auctor
1245 1184 1293 1247 est

190 1267 225 1327 S·
238 1268 414 1329 Ambrosios
428 1269 482 1329 oe.
497 1274 520 1335 2
535 1268 574 1329 de
588 1269 665 1328 Fide
676 1268 819 1345 sudfio.,·
841 1290 938 1351 eoque
950 1269 1060 1329 deinde
1076 1282 1146 1331 sunt
1159 1275 1208 1332 usi
1221 1273 1294 1351 plu-

189 1370 240 1411 res
260 1352 316 1411 alii
336 1356 552 1435 inperator-es,
573 1354 684 1437 quibus
699 1365 779 1415 certe
794 1354 997 1417 accensendus
1011 1358 1179 1417 Heraclius.
1220 1356 1293 1419 ride

189 1437 366 1519 Du-Cang.
385 1440 496 1522 deins.
511 1442 733 1500 mvimmism.
750 1460 778 1501 c.
794 1444 847 1506 20.
1078 1462 1081 1473 ·

274 1525 349 1589 266.
391 1527 425 1584 ἱιι
436 1546 485 1587 ms
497 1536 561 1585 erat
572 1524 631 1589 let.
653 1528 810 1586 Heraclius
824 1547 841 1584 e
855 1526 958 1585 Cilicia
973 1524 1136 1605 proiectos,
1150 1544 1185 1585 ac
1196 1526 1291 1587 Tauri

189 1608 270 1687 ingis
291 1613 455 1689 superatis,
475 1614 508 1670 in
528 1613 687 1671 Ponticam
705 1614 892 1692 provinciem
911 1613 1048 1686 intrarit,
1070 1622 1104 1671 nt
1125 1622 1228 1692 postes
1250 1632 1292 1672 ex

189 1695 332 1753 Armenia
354 1697 389 1753 in
409 1696 581 1773 Persidem,
603 1700 631 1756 si
648 1699 691 1755 ite
711 1716 759 1757 res
782 1698 963 1777 postularet,
984 1699 1188 1776 irrumperet,
1208 1696 1291 1779 quod

189 1776 314 1859 quidem
329 1782 363 1839 in
377 1780 509 1841 secunda
524 1780 719 1863 expeditione
733 1782 906 1841 eifeliciter
918 1784 1028 1839 evenit.
1063 1785 1195 1861 primum
1208 1784 1291 1841 euim

189 1863 321 1940 bellum,
344 1864 382 1925 de
398 1885 459 1948 quo
474 1866 526 1927 hic
535 1886 635 1928 sermo
654 1878 717 1943 cst,
741 1862 836 1947 prope
850 1870 992 1926 Ponticae
1004 1868 1135 1946 regionis
1143 1870 1291 1927 terminos

188 1968 247 2008 nec
260 1952 367 2030 procui
385 1954 515 2013 eTenri
528 1953 681 2013 montibus
693 1962 794 2011 sctum
808 1962 864 2011 est.
1293 1986 1296 1993 ⁴

272 2040 348 2101 260.
391 2035 482 2099 huius
500 2041 720 2119 sustegemaris
740 2039 852 2099 similia
868 2038 1010 2119 exempla
1025 2035 1137 2099 videsis
1150 2034 1182 2093 in
1193 2036 1290 2095 Fron-

187 2120 252 2181 tino
270 2122 288 2183 1
310 2126 333 2187 2
354 2131 385 2182 et
406 2127 426 2187 3
448 2127 501 2187 11.

273 2209 347 2271 262.
390 2209 459 2289 lege
472 2209 608 2292 αἱνετῆς,
631 2208 714 2290 quod
725 2209 815 2267 metri
828 2210 903 2268 retio
917 2208 1066 2289 postulet,
1087 2205 1293 2288 xlussoooylc

187 2302 234 2350 est
246 2290 350 2366 fiete'o,
372 2312 432 2375 qne
453 2298 548 2354 utitur
568 2297 693 2354 solerter
716 2292 783 2352 dnx
804 2303 869 2351 tam
890 2293 944 2352 ubi
965 2291 1116 2353 cavendus
1131 2310 1224 2374 qnam
1237 2292 1295 2351 ubi

187 2377 403 2457 opprimendus
419 2378 515 2440 hostis
530 2390 592 2455 est,
614 2387 648 2439 ut
664 2380 707 2439 uit
722 2380 884 2439 Frontinum
899 2380 932 2438 s'rs
944 2378 1047 2459 praefi
1070 2378 1202 2458 Sooog.

272 2463 346 2528 264.
388 2468 432 2524 its
452 2467 554 2525 iorseu
575 2484 665 2524 suum
685 2467 744 2524 iter
766 2465 941 2524 conficiebat
964 2465 1138 2539 Heraclius,
1160 2474 1195 2522 ut
1210 2462 1291 2542 figu

187 2567 270 2623 nm,
291 2566 371 2630 quse
387 2545 472 2625 τάξις
484 2549 673 2632 esculentior,
685 2550 722 2609 ab
735 2551 864 2610 Aeliano
879 2571 904 2610 c.
917 2550 959 2616 48
971 2561 1111 2625 vocator,
1134 2549 1290 2630 exprime-

187 2643 243 2692 ret.
288 2653 358 2692 cnm
377 2637 461 2694 euim
481 2655 517 2694 ee
541 2645 621 2694 esset
640 2633 814 2694 huiusmodi
829 2645 863 2694 ut
877 2636 1019 2718 spiralem
1031 2637 1143 2694 lineam
1156 2635 1291 2709 referret,

187 2726 279 2798 atque
300 2721 349 2779 ita‘
366 2739 457 2801 saepe
478 2721 612 2780 frontem
632 2719 820 2796 ostenderet,
841 2722 931 2780 facile
943 2723 1099 2800 imperitos
1111 2722 1218 2780 Persas
1231 2737 1291 2798 po-

186 2807 246 2862 tuit
257 2803 411 2885 decipere,
435 2808 488 2887 qui
500 2808 544 2865 ita
555 2805 770 2886 procedentem
784 2807 949 2866 exercitum
963 2817 1103 2886 putarent
1117 2807 1290 2864 consistere.

187 2907 224 2947 ao
234 2907 310 2948 mox
325 2889 450 2974 quidem
463 2899 553 2972 poeta
567 2892 610 2951 sit
625 2911 666 2950 cx
679 2891 803 2973 obliquo
817 2903 848 2952 et
862 2902 1031 2952 transverso
1043 2893 1150 2950 itinere
1157 2889 1290 2948 Heraclii

186 2970 307 3034 hostem
319 2977 414 3036 inisse
425 2973 598 3058 deceptum·

270 3064 344 3126 271.
387 3063 498 3122 Leonis
512 3066 589 3142 imp.
604 3059 682 3122 illud
696 3072 741 3122 est
754 3061 904 3122 monitum
919 3080 944 3120 c.
960 3063 982 3124 9
1004 3063 1061 3124 10:
1085 3061 1290 3140 περιπατοῦν-

186 3167 239 3220 τος
250 3149 309 3208 τοῦ
324 3152 453 3230 στρατοῦ
463 3147 602 3231 ἡγείσθω
616 3145 639 3227 cf
652 3144 690 3227 ori
702 3143 873 3228 ἐνδοξότης.
901 3149 987 3205 iuxta
1003 3143 1084 3228 quod
1095 3153 1290 3224 praeceptum

185 3227 289 3290 Pisida
309 3243 505 3312 preeeamtem
524 3231 641 3292 inducit
658 3233 851 3307 Heraclium,
874 3236 927 3316 qui
949 3249 1019 3290 cnm
1039 3239 1163 3311 repente
1178 3247 1288 3308 agmen

186 3320 322 3376 converti
332 3320 478 3394 iussisset,
494 3340 512 3377 e
523 3322 622 3399 priano
635 3318 733 3378 fectus
741 3329 788 3378 est
799 3319 992 3378 novissimus.
1019 3315 1075 3376 sed
1087 3317 1184 3397 possis
1195 3315 1288 3373 etiarn

184 3419 241 3480 pro
262 3405 444 3462 novissim
463 3404 590 3464 reddere
607 3405 777 3474 secundare,
806 3405 893 3484 qussi
915 3399 1018 3463 Pisida
1039 3403 1214 3464 Heraclium
1236 3396 1288 3458 hio

183 3498 338 3566 comperet
358 3492 497 3568 eorigae,
520 3493 574 3573 qui
588 3491 621 3549 io
639 3510 743 3550 corsus
764 3491 953 3550 contentione
972 3509 990 3547 a
1008 3491 1172 3568 posteriore
1194 3504 1287 3565 supe·

122 3633 130 3652 ,
184 3574 245 3630 rari
257 3583 289 3631 et
299 3575 431 3656 relinqui
447 3594 489 3634 ex
504 3573 651 3636 industria
666 3577 805 3636 voluerit.
848 3572 919 3636 vido
931 3575 1010 3634 inire
1023 3593 1053 3632 r.
1070 3573 1143 3637 285.

268 3658 344 3726 276.
385 3662 608 3744 olssscooylce
629 3672 660 3721 et
677 3656 860 3743 aicso'soscsv,
883 3679 943 3742 qua
966 3659 1121 3718 Heraclius
1140 3675 1212 3718 usus
1230 3666 1285 3730 est,

184 3736 290 3822 σοφήν
309 3755 416 3822 vocet,
449 3755 484 3805 ut
504 3768 599 3825 supra
618 3767 649 3806 r·
669 3752 732 3813 267
756 3741 880 3826 cluseris
887 3790 897 3821 ,
926 3756 961 3804 nt
984 3747 1116 3805 nominis
1138 3740 1285 3802 iuridism

138 3834 140 3839 '
184 3830 223 3888 ab
239 3831 380 3891 Heraclio
391 3832 587 3894 submoveat:
606 3850 708 3914 neque
722 3835 806 3892 enim
818 3831 898 3890 fictio
910 3850 1011 3911 neque
1026 3830 1178 3891 simulatio
1194 3825 1286 3908 digna

183 3934 233 3974 nes
255 3926 302 3975 est
321 3919 387 3976 viro
409 3918 529 3997 integro
548 3929 579 3978 et
598 3917 681 3978 forti.
725 3918 782 3978 sed
800 3914 903 3977 Pisida
924 3915 981 3976 hes
998 3935 1087 3976 voces
1100 3911 1285 3974 adhibuiteo

183 4001 345 4146 iiiiii
361 4015 565 4148 Helix,
576 3997 1285 4167 'lilltldllffleliz'iiiss

1275 4123 1284 4155 l

183 4169 338 4252 siquidem
352 4175 492 4251 Graccis,
514 4193 644 4256 quorcnn
653 4183 738 4234 tants
751 4175 812 4233 fuit
824 4177 857 4232 in
874 4170 1002 4232 dicendo
1017 4173 1119 4252 copia,
1141 4187 1202 4229 uno
1215 4177 1284 4226 tsn-

184 4267 250 4316 tum
270 4259 420 4319 ceminio
439 4259 685 4342 πραιηγήμαια,
716 4279 796 4341 qnae
820 4259 945 4319 solerter
966 4277 984 4316 e
1006 4255 1084 4317 duee
1102 4262 1285 4336 gererentur,

185 4339 345 4422 dixemt3
367 4347 454 4408 cuius
474 4349 538 4409 rim
559 4347 642 4408 vocis
661 4365 731 4406 com
745 4346 837 4406 vellet
849 4346 1011 4405 Frontinus
1025 4341 1132 4422 Proes.
1150 4340 1284 4416 Strateg-
