3000 4850
237 237 309 312 142
496 232 710 318 numeros
733 230 780 296 ln
805 229 1083 296 nemcuffls

232 407 365 468 Amer'd.
382 409 405 468 2
417 401 481 466 480
495 399 534 459 de
546 397 684 458 Pantheo
698 395 870 478 Othryade‚
892 417 984 480 quem
998 419 1053 456 uer
1060 399 1162 477 pietas
1174 420 1230 458 nee
1242 400 1343 479 Apol·

235 494 308 552 huis
321 495 353 548 ia
370 489 427 548 ula
441 489 524 544 tau.

320 490 380 640 fas
396 577 526 632 citantur
543 567 579 628 hi
596 580 659 628 tres
678 569 790 628 senari'r
802 588 819 626 a
833 565 929 628 Suida
945 570 976 627 in
993 589 1023 626 r.
1036 565 1154 650 ἔγγυον.
1197 573 1344 632 Aemilius

235 668 345 725 Portus
358 663 475 739 legerat
486 659 520 716 in
532 654 667 716 seumdo
681 650 821 732 Xoupdoo
834 653 973 736 λέγοντος
987 675 1042 734 pm
1056 651 1213 737 λήγοντος,
1225 678 1261 715 ac
1273 678 1344 736 pro-

236 749 308 808 inde
321 756 452 806 verterat
467 752 621 801 corruente
633 761 688 822 pro
707 741 871 816 deficiente.
917 741 1041 800 oonsrrle
1065 761 1143 822 quae
1168 745 1200 800 in
1220 745 1279 802 fine
1295 763 1345 802 se-

238 833 354 894 cundae
374 843 405 891 et
421 834 457 889 in
473 831 623 909 principio
641 830 748 886 tertiae
765 845 921 886 acroaseos
936 825 974 884 de
987 827 1105 905 Erped.
1126 825 1344 904 adnotavimus,

237 933 273 981 ut
285 919 439 997 intelligar
459 935 514 974 eur
530 913 581 972 hio
601 920 692 993 poeta
712 913 818 971 lunam
833 909 969 972 hortetur
985 925 1019 971 ut
1033 924 1153 973 mortuo
1166 913 1301 976 onosma
1313 919 1344 974 in

237 1027 293 1067 suo
310 1004 480 1085 plenilunio
495 1001 660 1060 clarissime
676 997 879 1078 resplendeat.

322 1095 356 1155 8.
398 1092 563 1169 θεουῃεῖν
572 1081 630 1165 τὴν
641 1085 750 1162 urim,
770 1083 912 1143 honoror
924 1084 979 1142 deo
994 1081 1129 1143 debiam
1141 1085 1229 1144 rebus
1242 1091 1347 1148 orantis

238 1175 386 1249 tribuam
416 1171 500 1254 quod
513 1175 569 1253 qui
580 1171 711 1246 faciunt,
742 1174 808 1230 reri
821 1181 892 1229 sunt
904 1169 1081 1230 idololatrae
1100 1183 1133 1230 ut
1146 1175 1274 1248 Persae,
1294 1177 1347 1255 qui

237 1265 318 1322 bona
331 1282 407 1341 paea
419 1257 560 1317 Thornae
572 1255 667 1337 Hydii
680 1267 711 1314 et
724 1276 832 1315 eorum
845 1259 898 1337 qui
912 1275 982 1314 utun
993 1255 1096 1337 Hydia
1108 1261 1252 1335 nudant,
1264 1271 1345 1318 erant

238 1368 345 1408 revera
357 1338 555 1427 ἆωρολᾶτραι
567 1353 599 1402 et
610 1339 823 1424 wpaolrizpnt

326 1437 377 1496 10i
419 1424 550 1508 φῦνους,
571 1440 646 1508 puto
656 1425 708 1486 hio
725 1449 793 1488 esse
807 1447 957 1508 equorum
971 1429 1126 1502 marlida,
1148 1449 1227 1510 quos
1238 1432 1346 1490 Persae

239 1521 300 1578 soli
313 1516 522 1576 immolabant.
565 1513 636 1574 vide
653 1514 692 1572 de
710 1515 829 1592 Erped.
853 1519 868 1578 l
889 1513 930 1576 24
948 1525 977 1572 et
998 1535 1080 1594 seqq.
1103 1514 1148 1573 ibi
1165 1520 1346 1596 enimpoeta

239 1606 402 1663 Persarum
422 1601 583 1660 stultitiam
603 1601 683 1660 salse
699 1599 815 1658 irridet.
858 1597 909 1658 hio
925 1609 1027 1658 autem
1043 1599 1140 1658 solem
1154 1613 1259 1660 monet
1277 1614 1309 1660 ut
1329 1621 1347 1660 a

241 1691 389 1767 ungariae
410 1688 604 1745 victimarum
624 1706 658 1746 se
672 1686 800 1746 abluens
814 1685 956 1745 omnibns
971 1695 1115 1744 niumm
1127 1687 1228 1763 faeiat,
1250 1709 1285 1747 se
1299 1709 1346 1746 re-

241 1795 349 1855 spuere
365 1773 510 1833 sacrificia
522 1773 645 1830 nonnisi
657 1769 714 1830 deo
728 1768 894 1830 offerenda.

329 1858 380 1923 14.
424 1861 498 1919 scite
514 1877 556 1915 ex
566 1860 728 1916 Persarum
741 1855 888 1917 docmina.
910 1854 970 1915 dno
985 1858 1067 1914 enim
1080 1867 1166 1916 erant
1181 1855 1263 1936 apud
1276 1861 1348 1916 Per-

242 1967 292 2006 sas
312 1964 432 2004 summa
453 1946 579 2003 numina
593 1941 777 2003 Oromazdes
797 1954 827 2002 et
841 1944 1032 2017 humanius,
1062 1943 1121 2001 sibi
1134 1946 1266 2002 invicem
1277 1964 1348 2002 eon-

242 2034 352 2108 traria,
380 2047 512 2112 quorum
528 2045 627 2087 uuum
645 2039 711 2088 erat
731 2029 897 2104 bonorum,
927 2029 1056 2088 alterum
1070 2029 1220 2086 mahaum
1236 2031 1304 2089 lons
1321 2041 1349 2088 et

242 2120 344 2196 origo:
366 2128 402 2174 ut
417 2117 500 2174 enim
515 2114 697 2175 Oromazdes
712 2114 808 2190 lueis,
830 2117 874 2172 ita
888 2115 1063 2173 Arimanius
1077 2124 1181 2172 auctor
1192 2115 1292 2173 fuerat
1303 2126 1350 2172 te-

243 2203 416 2260 nebrarum.
460 2199 533 2259 hino
545 2211 650 2259 tantus
661 2199 759 2260 honor
771 2201 829 2260 soli
845 2200 907 2258 luci
922 2209 952 2257 et
964 2201 1030 2278 igni
1043 2197 1165 2259 habitus
1182 2212 1227 2258 est
1244 2219 1264 2257 a
1277 2203 1350 2259 Per-

245 2291 304 2362 sia,
333 2299 366 2344 ut
382 2285 483 2344 ubivis
498 2285 636 2344 locorum
651 2297 752 2345 emant
768 2289 900 2344 excitata
917 2283 1050 2365 templa,
1078 2305 1156 2366 quae
1175 2291 1287 2367 πυρεῖα
1304 2287 1352 2345 rel

244 2377 413 2452 πυραιθεῖα
427 2369 622 2431 vorabantur.
665 2370 747 2431 intus
762 2373 845 2430 enim
860 2373 942 2451 ignia
956 2392 1047 2453 super
1064 2390 1131 2431 aras
1144 2374 1261 2451 positus
1282 2373 1352 2432 reli-

245 2460 415 2538 giosissime
430 2456 594 2533 nolebam,
613 2459 667 2537 qui
680 2478 720 2515 ne
733 2478 870 2539 unquam
883 2458 1120 2536 extingueretur,
1142 2461 1278 2517 maxima
1292 2470 1352 2518 erat

245 2546 408 2621 Magorum
418 2560 500 2601 cura.
542 2550 675 2622 praestat
686 2544 789 2623 legere
801 2538 948 2601 Brackeri
962 2542 1048 2601 Hire.
1065 2544 1132 2601 crit.
1148 2542 1268 2603 Philus.
1281 2556 1352 2603 tom.

248 2626 387 2703 urbe,
409 2648 470 2709 quo
484 2648 576 2687 namo
590 2627 700 2687 melius
712 2632 874 2688 Persarum
889 2639 1021 2709 systema
1035 2628 1210 2709 explicarit.
1253 2632 1355 2712 itaque

245 2713 348 2773 Pisida
362 2734 404 2773 ex
417 2716 579 2773 Persarum
591 2713 711 2795 planitia
725 2710 799 2773 dicit
815 2712 981 2774 chosroam
996 2734 1014 2773 a
1029 2715 1116 2789 luce,
1139 2734 1231 2795 quam
1246 2714 1355 2775 adora-

247 2799 315 2875 bat,
332 2803 365 2857 in
377 2800 532 2875 tenebras,
554 2798 589 2858 id
602 2803 692 2859 estin
708 2811 890 2881 potestatem
903 2798 1026 2875 diaboli,
1048 2798 1210 2859 cecidisse:
1231 2804 1356 2861 sienim

246 2886 310 2944 ulla
322 2884 398 2945 fides
411 2885 561 2945 Arabibus
574 2888 779 2965 scriptoribus,
793 2884 964 2945 Abtdfedae
979 2884 1150 2945 testimonio
1164 2884 1247 2965 apud
1260 2890 1357 2946 Poon-

248 2968 351 3030 ekium
368 2972 457 3051 Sper.
473 2971 545 3031 lu'rt.
560 2970 663 3031 Arab.
680 2994 715 3051 p.
733 2971 794 3037 146
809 2972 867 3031 lux
883 2983 928 3031 est
940 2973 1040 3030 Persia
1055 2968 1139 3029 idem
1154 2991 1190 3031 ao
1207 2970 1283 3031 dem
1301 2972 1358 3033 bo-

247 3078 322 3131 uus,
355 3067 387 3116 et
404 3058 546 3116 tenebrae
565 3056 714 3117 hahohn.
758 3068 789 3115 at
801 3057 905 3118 Pisida
920 3058 1023 3116 forsan
1035 3052 1088 3115 hio
1102 3077 1251 3117 carcerem
1265 3062 1356 3117 etiam

248 3142 398 3222 designat,
419 3145 454 3201 in
469 3163 563 3224 quem
574 3140 722 3203 Ghosroes
736 3143 842 3203 Siruae
857 3142 912 3201 filii
928 3144 1013 3203 iussu
1030 3146 1182 3202 coniectus
1197 3153 1259 3220 est,
1279 3164 1356 3226 quae

248 3230 410 3288 vocabatur
432 3227 452 3292 ό
472 3222 557 3303 οἶκος
576 3232 634 3291 rori
653 3223 782 3305 σκότου,
813 3239 848 3288 ut
868 3237 970 3287 narrat
990 3224 1196 3307 Theophanes
1217 3251 1255 3308 p·
1285 3234 1357 3303 271,

249 3315 319 3394 qui,
351 3324 386 3373 ut
404 3314 479 3373 alibi
499 3318 691 3391 monuimus,
718 3316 845 3373 minime
869 3316 1017 3373 consentit
1037 3334 1108 3371 cum
1121 3326 1223 3375 nostro
1239 3316 1358 3375 iambo-

249 3396 376 3477 grapho.

335 3484 387 3547 15.
430 3483 596 3559 Persidem,
618 3487 723 3566 inqua
736 3498 822 3545 erant
835 3486 946 3566 ubique
957 3482 1107 3543 altariain
1120 3482 1268 3543 honorem
1280 3487 1357 3565 ignis

250 3578 414 3643 exstructa,
435 3569 561 3643 fornaci,
582 3574 616 3629 in
629 3590 722 3651 quam
733 3572 845 3629 Daniel
859 3582 905 3630 est
919 3572 1064 3644 inieotns,
1086 3590 1148 3629 uon
1162 3568 1288 3649 illepide
1303 3566 1358 3629 ad-

249 3656 375 3729 similat,
395 3665 429 3712 ut
442 3655 603 3713 Danielem
616 3658 746 3715 alterum
758 3658 852 3717 fnisse
868 3654 1052 3715 demonstret
1066 3656 1249 3714 Heraclium.

336 3744 387 3805 16.
429 3740 550 3798 Daniel.
567 3763 594 3799 c.
612 3746 634 3807 3
656 3744 710 3807 50.

339 3829 388 3889 17.
431 3824 505 3882 thul.
526 3828 578 3889 48.

335 3914 388 3973 20.
432 3914 539 3969 Persas
555 3919 665 3993 aequat
678 3908 850 3989 Chaldaeis,
873 3915 926 3994 qui
939 3932 957 3970 a
971 3912 1128 3985 leonibus,
1151 3910 1260 3991 quibus
1276 3911 1359 3969 obie-

253 4006 318 4055 otns
330 3997 442 4055 Daniel
452 3996 576 4057 illaesus
593 4009 746 4073 evaserat,
769 4010 915 4081 tanquam
930 3998 1022 4063 alatos
1034 4002 1090 4079 τῆς
1102 3992 1254 4075 damulae
1265 3990 1361 4059 αὐτοῦ
1379 4030 1386 4047 ·

253 4081 387 4142 devorati
404 4092 485 4141 sunt.
685 4121 702 4157 0

337 4172 390 4234 22.
434 4165 620 4243 Chosrnam,
647 4186 742 4250 quem
759 4190 857 4249 nuper
875 4164 1162 4231 Nabuchodonosori
1185 4166 1362 4226 obuiorum

252 4254 403 4313 feritatem
423 4256 624 4334 oompararit,
652 4275 734 4313 nune
755 4256 793 4315 ob
814 4260 925 4315 ruentis
947 4254 1135 4337 snperbiam,
1169 4262 1198 4313 et
1215 4255 1361 4313 insariam
