3000 4850
682 261 743 327 DU
768 258 911 328 ctNth

242 681 273 742 1.
316 634 541 739 Excedificato
564 687 595 738 et
611 680 772 740 moenibus
793 681 885 760 longe
906 677 1088 760 amplificato
1108 681 1274 759 Byzantio,
1293 700 1351 739 re-

245 767 362 844 terique
380 765 463 826 urbis
485 766 687 848 appellatione
706 768 739 825 in
758 785 849 824 sunm
863 785 976 824 nomeu
989 765 1157 840 uansfusa,
1177 767 1352 824 constanti·

244 869 302 908 nus
321 853 364 909 Μ.
389 871 492 912 recens
513 849 715 910 christianam
739 852 918 930 religionem
939 852 1115 929 amplexus,
1137 870 1216 908 anno
1229 852 1352 929 imperii

244 937 406 1012 vicesimo,
427 937 577 1016 templum
592 935 649 995 deo
663 938 877 1016 omnipotenti,
899 939 948 994 cui
959 948 1057 994 totum
1070 955 1103 994 se
1115 935 1351 1010 commendaret,

155 1081 160 1090 ,
246 1025 415 1097 exstruxit,
437 1021 577 1104 illudque
598 1026 637 1106 τῇ
657 1020 743 1106 Ἁγίᾳ
760 1023 865 1107 Σοφίᾳ
879 1042 933 1080 seu
952 1020 1072 1080 divinae
1087 1023 1253 1100 sapientiae
1267 1021 1352 1080 dica-

245 1109 308 1180 rit,
331 1107 363 1166 id
379 1119 424 1168 est
438 1106 575 1166 christo:
588 1107 697 1182 filium
711 1125 844 1187 numque
855 1107 917 1178 dei,
938 1118 972 1166 ut
983 1110 1025 1165 ait
1036 1110 1186 1186 Repertus
1198 1105 1236 1164 de
1248 1109 1352 1166 Diria.

246 1192 326 1252 offic.
345 1197 385 1258 10
409 1191 466 1268 15,
491 1189 619 1252 dicimus
633 1213 736 1250 veram
753 1203 782 1250 et
795 1191 1071 1252 incommutabilem
1085 1194 1279 1270 eape'mtmm,
1297 1213 1355 1271 per

249 1299 342 1358 quum
367 1281 539 1336 universam
562 1278 697 1337 confidit
715 1287 896 1336 cremeram.
940 1280 1100 1357 Byzantini
1119 1288 1221 1336 antem
1241 1281 1355 1338 omisso

247 1361 348 1443 Ἀγίας
370 1365 517 1424 vocabulo
540 1365 662 1442 Σοφίαν
687 1361 795 1422 sedem
807 1367 898 1424 iatam
912 1361 994 1422 nude
1009 1361 1203 1443 postmodnm
1216 1366 1355 1443 appella-

249 1459 329 1506 runt.
372 1451 459 1509 istius
490 1447 674 1508 conditorem
698 1461 863 1528 agnoscunt
889 1451 1118 1508 Constantinum
1137 1447 1355 1528 Theophanes,

250 1533 415 1609 cedrenus,
441 1536 560 1614 Glycas,
582 1535 696 1592 Paulus
712 1537 836 1593 Diaron.
850 1539 881 1606 2,
902 1532 1089 1614 Nicephorus
1105 1535 1279 1600 cutinust
1301 1536 1355 1610 49,

251 1630 283 1677 et
303 1631 451 1702 quotquot
472 1621 536 1678 fere
558 1621 743 1679 constantini
759 1640 807 1678 res
823 1623 949 1698 attigere
965 1622 1136 1698 scriptores.
1177 1617 1356 1679 atCodinns

250 1723 312 1763 non
326 1703 365 1763 de
378 1703 458 1766 novo
475 1708 622 1764 excitasse
634 1724 779 1784 magnam
791 1706 960 1779 ecclesiam,
982 1704 1037 1764 sed
1049 1703 1158 1764 aedem
1167 1723 1357 1785 paganorum

249 1793 334 1870 priua
349 1794 561 1867 exsistentem,
581 1788 673 1852 idolis
687 1801 718 1849 et
730 1789 858 1850 deorum
870 1791 1038 1853 simulacris
1052 1801 1227 1869 purgatam,
1250 1789 1291 1848 ad
1303 1811 1357 1849 eo-

249 1877 358 1935 clasiae
374 1875 560 1937 christianae
575 1897 665 1936 usum
677 1879 853 1936 immutasse
867 1877 1096 1936 constantinum
1106 1895 1265 1955 perperam
1278 1872 1357 1934 scri-

248 1965 326 2041 psit,
352 1983 421 2022 cum
436 1961 555 2023 disertis
568 1963 668 2022 verbis
682 1961 783 2022 tradat
795 1960 949 2022 cedrenus
967 1982 985 2020 a
1000 1959 1208 2022 fundamentis
1221 1960 1357 2040 Sophia-

248 2067 322 2106 uam
344 2048 517 2108 aedificasse
539 2047 662 2122 aedem,
684 2049 828 2129 illiusque
849 2045 1023 2106 condendae
1041 2045 1215 2126 Euphratae
1234 2044 1357 2106 cuidam

249 2134 288 2191 ab
305 2155 340 2194 eo
355 2155 458 2193 curam
472 2132 695 2192 demandatam.
728 2131 814 2192 aedis
829 2134 1092 2192 constantinianae
1101 2133 1200 2191 forma
1211 2133 1270 2191 fuit
1284 2131 1357 2191 dro-

246 2220 343 2292 mice,
365 2217 459 2279 idest
474 2217 634 2300 quadrata,
657 2215 712 2276 sed
730 2219 898 2296 oblongior.
940 2220 983 2277 ite
1005 2221 1087 2276 enim
1108 2211 1256 2298 δρομικόν
1275 2220 1357 2276 acci-

247 2303 396 2383 piendum
418 2315 539 2363 censent
561 2305 736 2383 pleriquee
756 2301 955 2377 doctioribus,
978 2305 1036 2376 etsi
1047 2303 1178 2379 &diatim
1191 2310 1358 2383 repugnet3

246 2387 329 2448 uude
351 2400 429 2450 recte
452 2386 643 2450 Theodosius
659 2389 843 2471 Zygomalas
864 2387 967 2472 (apud
982 2391 1122 2449 cmsinm
1132 2409 1164 2469 p.
1176 2387 1261 2469 201)
1285 2390 1359 2470 ὃρο·

248 2471 355 2557 puto'v,
378 2475 460 2557 qnod
475 2486 520 2535 est
533 2476 623 2555 dispe
637 2471 811 2557 νάρθηκος,
833 2484 864 2533 et
878 2478 943 2537 secie
958 2472 1103 2557 dpoptsdv
1119 2470 1265 2554 νάρθηκα
1279 2474 1359 2534 dixit

248 2562 407 2638 appellari.
450 2560 599 2619 eiusmodi
618 2572 720 2621 autem
741 2572 789 2633 est
809 2558 961 2621 narthecia
983 2581 1038 2619 seu
1058 2561 1173 2620 ferulae
1190 2560 1302 2639 figura,
1323 2571 1358 2619 ut

247 2646 329 2705 infra
356 2645 554 2707 ostendimus.
598 2644 730 2728 denique
756 2640 906 2727 δρομικόν
928 2644 1043 2705 dictum
1067 2644 1190 2704 ridetur
1211 2665 1230 2704 a
1252 2645 1358 2704 stadiis

252 2734 411 2808 cursoriis,
436 2736 557 2813 quaein
569 2734 715 2791 maiorem
730 2730 952 2810 longitudinem
967 2750 1060 2811 quarn
1073 2728 1266 2790 latitudinem
1284 2751 1360 2811 por-

252 2818 400 2895 riguntur.
443 2837 571 2896 maguae
587 2821 679 2897 igitur
691 2818 836 2876 ecclesiae
850 2819 1112 2877 constantinianae
1122 2817 1253 2876 formam
1264 2816 1359 2877 fuisse

252 2900 419 2963 dromioam
434 2915 560 2963 testatur
576 2902 709 2963 codinus
725 2905 757 2961 in
771 2905 874 2963 Descr.
893 2904 926 2964 S.
943 2896 1086 2982 Sophiae.
1130 2898 1359 2981 addithnony-

252 3008 322 3047 mus
350 3001 453 3049 auctor
482 2988 690 3068 descriptionis
714 2988 852 3047 eiusdem
874 2986 974 3062 aedis,
1003 3007 1022 3047 a
1046 2988 1226 3047 Combefisio
1248 2986 1360 3063 editus,

252 3071 361 3153 ὁμοίαν
381 3076 474 3134 fuisse
494 3078 549 3137 τοῦ
569 3072 658 3157 οἱγίου
670 3068 870 3155 Ἀνδρονίκου
883 3074 936 3135 καὶ
950 3078 1007 3135 τοῦ
1020 3070 1109 3155 dyioo
1119 3067 1276 3146 Ἀνανίου,
1298 3092 1359 3154 quo

252 3158 321 3218 ioco
338 3164 474 3239 apposite
488 3153 693 3241 ’Λγαθονίνον
709 3180 764 3238 pro
776 3154 990 3239 Ἀνδρονίκου,
1011 3160 1130 3238 reponit
1144 3158 1360 3217 combefisius:

253 3244 339 3303 nulla
359 3249 440 3303 enim
459 3246 491 3305 S.
504 3243 669 3304 Andronici
685 3242 775 3303 aedes
790 3247 917 3304 occurrit
931 3254 1082 3303 exstructa
1098 3242 1200 3322 cpoli,
1221 3242 1363 3322 Agatho·

251 3332 316 3387 uici
329 3351 398 3389 vero
413 3350 430 3389 a
446 3332 641 3389 constantino
654 3328 773 3389 condita
786 3330 897 3408 legitur
909 3327 992 3409 apud
1004 3328 1185 3401 cedrenum,
1205 3327 1361 3409 Nicepho-

252 3421 354 3481 rum?
376 3418 434 3491 49,
456 3414 584 3475 Suidarn
603 3416 686 3472 verb.
705 3417 842 3494 -Βηρίνη,
863 3425 895 3473 et
913 3414 1063 3474 codinnm
1081 3417 1115 3473 in
1132 3417 1215 3492 Orig.
1227 3415 1362 3473 Lambe-

252 3502 347 3559 cianis
369 3520 400 3579 p.
423 3503 463 3563 87
486 3512 515 3559 et
535 3500 586 3563 38.
630 3502 683 3580 qui
706 3499 832 3581 perinde
857 3494 1007 3581 ὅρομικήν
1029 3501 1124 3560 fuisse
1147 3501 1297 3575 scribunt,
1330 3508 1362 3558 et

250 3604 344 3666 quam
369 3583 499 3665 deniqne
525 3588 557 3643 in
582 3587 786 3665 augustiorem
806 3586 936 3645 fonnem
958 3587 1121 3645 excitatem
1142 3586 1233 3645 refert
1247 3588 1362 3645 Proco-

250 3674 320 3749 pius
339 3668 377 3729 de
394 3670 497 3729 Aedis.
515 3672 533 3733 1
559 3670 590 3734 5.
631 3674 776 3731 Acaciani
790 3682 893 3730 autem
906 3673 1013 3753 templi
1026 3674 1141 3731 mentio
1155 3682 1201 3730 est
1214 3674 1247 3729 in
1259 3672 1362 3729 Veteri

250 3757 340 3815 Urbis
358 3754 576 3835 descriptione,
598 3757 651 3815 nbi
670 3761 702 3815 in
724 3760 765 3821 10
780 3760 904 3835 regione
919 3760 1075 3831 statuitur,
1098 3758 1165 3817 loco
1180 3756 1362 3834 Heptascalo

250 3853 444 3921 nuncupato,
471 3851 505 3899 ut
527 3852 572 3899 est
595 3841 675 3922 apud
696 3844 852 3903 Socratem
872 3847 893 3905 2
914 3845 956 3907 88
978 3852 1008 3902 et
1029 3847 1049 3907 6
1071 3845 1131 3919 28,
1157 3840 1363 3920 Nicephorum

252 3928 272 3989 3
294 3926 335 3989 38
360 3937 390 3985 et
411 3930 431 3989 9
454 3925 512 3999 42,
537 3926 723 4001 cedrenum,
747 3930 897 4009 Syrraxar.
918 3939 976 3987 etc.

142 4018 235 4077 2526
337 4014 369 4075 2.
412 4012 525 4071 Verum
547 4032 616 4071 cnm
637 4015 766 4071 nimium
787 4024 915 4091 augusta
935 4016 1002 4073 visa
1021 4023 1101 4073 esset
1115 4013 1362 4071 constantiniana

253 4095 344 4155 aedes
364 4117 421 4155 nec
441 4100 514 4155 satis
534 4118 647 4177 capax,
679 4100 729 4155 vel
750 4098 848 4179 quod,
877 4111 913 4157 ut
940 4101 994 4157 alii
1020 4100 1141 4172 solunt,
1172 4096 1362 4169 concidisset,

253 4182 332 4240 forte
356 4202 396 4241 ex
416 4194 512 4241 terrae
530 4184 679 4256 motibus,
708 4184 901 4242 Constantius
922 4186 1111 4242 Constantini
1131 4183 1212 4242 filius
1233 4179 1274 4241 ad
1294 4198 1363 4240 eam

254 4265 505 4347 amplitudinem,
534 4286 595 4349 que
620 4265 814 4348 postmodum
838 4280 997 4353 conspecte
1021 4279 1084 4346 est,
1105 4266 1261 4351 perduxit.
1303 4268 1364 4327 So-
