3000 4850
261 313 311 388 64
699 311 762 381 llll
786 308 930 381 canen

259 489 369 543 ventus
389 477 552 561 separatim
571 495 660 560 agere
679 479 780 560 primo
800 479 969 560 coepissent
984 478 1018 538 in
1034 475 1224 540 Constantini
1238 479 1367 560 balneis,

258 577 366 648 postea
387 577 475 626 extra
495 566 603 625 urbem
624 567 658 624 in
680 562 856 651 Ξυίονίραφ
876 585 932 626 seu
953 567 987 624 iu
1005 565 1092 624 Oirco
1118 565 1238 645 ligneo,
1273 587 1367 649 quem

258 654 473 712 Constantinus
500 646 592 732 μήπω
621 647 680 731 τήν
705 645 800 715 πόλιν
819 651 992 724 συνοικίσας
1014 651 1060 725 είς
1078 646 1270 735 ἱπποδρόμου
1286 652 1367 716 δίαν

258 733 409 818 ίνᾶδηρε,
437 732 541 812 §diosc
560 735 775 819 περιτειχίσας,
809 745 846 796 ut
874 737 918 795 ait
946 736 1154 812 Sosomenus,
1186 757 1239 797 eos
1265 757 1366 818 egere.
1473 792 1474 807 η

255 825 389 904 perstitit
404 831 505 882 autem
516 821 783 904 Xylocercctarsun
796 830 879 882 secta
890 841 946 882 seu
957 824 1179 899 Ioannitaraun,
1200 825 1247 882 uti
1257 825 1366 903 appel-

256 909 360 968 lantur
385 918 540 988 praeterea
560 927 580 966 a
598 908 721 969 Socrate
743 911 766 972 6
796 909 836 971 16
857 911 930 971 017
957 906 1020 982 25,
1051 926 1148 988 nsque
1171 905 1211 966 ad
1227 918 1367 990 tempora

256 995 358 1054 Procli
372 995 505 1074 episcopi
517 993 580 1070 01³,
602 995 657 1075 qui
667 989 794 1052 taudem
806 1011 858 1052 ecs
869 989 911 1051 ad
922 989 1113 1051 concordiam
1125 991 1248 1052 reduxit
1255 993 1366 1054 Theo·

258 1077 344 1140 doeio
363 1097 420 1138 xrs
442 1079 584 1154 consule,
607 1088 642 1138 ut
658 1076 792 1158 produnt
807 1074 892 1136 idem
908 1077 1082 1143 Socrates?
1102 1075 1162 1155 44,
1182 1077 1366 1139 Theodore-

257 1174 309 1224 tus
330 1164 350 1230 5
371 1161 431 1240 34,
459 1175 490 1224 et
511 1161 716 1245 Theophanes
739 1183 768 1223 a.
785 1164 829 1227 30
850 1160 1018 1224 Theodosii
1043 1164 1184 1223 Iunioris.
1226 1163 1283 1225 sed
1302 1185 1366 1224 non

259 1247 369 1310 desunt
390 1250 445 1332 qui
466 1269 485 1308 a
507 1252 630 1308 nemine
656 1251 762 1329 ignem
783 1245 840 1308 sed
865 1246 1009 1308 divinitus
1036 1250 1209 1309 immissum
1230 1247 1366 1327 tradunt,

258 1334 343 1418 quod
362 1335 442 1395 vella
461 1331 581 1394 videtur
599 1335 810 1409 Marcellinus,
835 1343 871 1393 ut
883 1344 914 1394 et
926 1331 1052 1393 historia
1068 1335 1260 1394 conciliabuli
1278 1337 1366 1395 exci-

152 1423 245 1482 ron
260 1423 316 1495 tati
340 1430 442 1480 contra
461 1423 608 1480 loannem
628 1419 892 1502 chrysostomum:
919 1411 998 1482 ταδ’
1016 1413 1060 1500 ἢν
1080 1415 1116 1482 δὲ
1133 1418 1251 1501 ἡμέραν
1268 1419 1368 1484 dcciv

259 1509 377 1570 πισταῑν
391 1501 478 1587 ἥλιος
492 1499 548 1568 ἄπ’
566 1500 668 1570 αὐτῶν
681 1505 734 1570 tto
747 1499 973 1587 ἐξοριῖδμινος,
992 1507 1056 1587 πδρ
1076 1510 1168 1569 θεῖον
1186 1501 1248 1569 del
1269 1504 1367 1585 μίσου

258 1595 319 1656 τοῦ
333 1585 467 1674 θρόνον,
489 1589 523 1656 ἐν
540 1581 754 1676 ρδπαθήμενσς
763 1596 831 1665 ταῖς
844 1590 941 1672 δοραῖς
958 1590 1093 1670 διδαχαῖς
1108 1586 1181 1665 code
1192 1585 1366 1665 ἆνοδοντσς

257 1669 436 1760 ίπιίρσευιν,
456 1674 488 1752 i}
505 1671 650 1786 οδδεριιδς
663 1670 865 1758 ἄνθρωπίνης
877 1676 977 1750 αἰτίας
989 1669 1144 1754 dcccciv,
1160 1675 1215 1739 ναί
1225 1677 1270 1751 τίς
1279 1671 1366 1754 ὕψος

257 1759 311 1827 διδ
332 1766 395 1826 ταῖν
414 1758 553 1826 didacus
575 1784 678 1842 οφιυς
695 1755 812 1844 τρόπον
836 1759 955 1843 ἔργον,
979 1758 1030 1824 tut
1049 1753 1152 1824 νότου
1167 1759 1363 1838 brainam,

257 1851 315 1911 soti
337 1847 531 1913 δπισποπείου
553 1844 612 1928 τήν
633 1842 714 1928 δίην
734 1840 1044 1927 ναιαίυμυινδμενον.
1084 1843 1366 1928 Metiosedum

256 1926 432 2015 οίπηίνοίτης
452 1927 636 2009 ίπιπνοδσας
652 1933 812 2015 σφοδροῖς,
831 1930 886 1994 ναί
903 1924 965 1996 siud
984 1934 1042 2012 τῆς
1061 1927 1223 2013 ίιιιιίησίας
1240 1930 1292 1996 issi
1307 1926 1366 1996 τδν

255 2015 417 2100 βασιλικὸν
438 2013 525 2083 οίιιον
539 2021 596 2102 τῆς
612 2013 783 2104 συγκλήτου
800 2017 976 2101 γερουσίας,
995 2014 1047 2080 tut
1064 2019 1255 2122 μιοημγθρίαν
1267 2018 1366 2098 scloa-

253 2127 330 2181 νον,
351 2101 514 2188 διενεγκών
535 2101 569 2169 vd
586 2107 666 2184 πῦρ,
690 2103 735 2179 είς
752 2100 837 2178 τίίος
850 2097 1074 2183 ταττίυμήνατο
1091 2097 1194 2168 ositos.
1237 2102 1271 2166 ἐν
1282 2101 1365 2184 τρισί

252 2191 360 2253 τοίνυν
384 2183 479 2270 δι’ραις
497 2193 553 2269 τῆς
573 2187 689 2270 ἡμίρας
705 2187 802 2271 ίργων
817 2188 1028 2271 ποίυχρονίσν
1040 2183 1209 2268 mummi
1223 2185 1276 2251 ναί
1291 2181 1366 2250 soii-

181 2267 188 2281 ’
255 2277 311 2347 λος
329 2268 539 2358 ἆνένφραστον
552 2272 758 2354 δξηφανίσδη.
797 2291 899 2354 nequo
918 2283 1021 2332 tamen
1039 2283 1103 2334 tota
1116 2274 1310 2353 conflagravit
1326 2292 1364 2332 eo

254 2357 397 2420 incendio
424 2378 536 2440 magna
565 2360 708 2437 ecclesia,
739 2353 797 2419 sed
818 2361 997 2439 praesertim
1018 2377 1056 2418 aa
1076 2377 1148 2443 pars
1169 2378 1247 2443 qnae
1268 2361 1366 2417 liema

255 2446 475 2527 complectitur.
517 2442 688 2506 cedrenus:
708 2440 742 2510 δν
759 2440 794 2508 δὲ
832 2444 849 2463 ’
862 2445 965 2528 ίξορία
978 2439 1077 2511 odacri
1094 2442 1153 2526 τη“ν
1169 2441 1365 2525 ίππίησίανδ

253 2528 328 2606 sale
340 2535 398 2613 τῆς
409 2524 527 2607 πόλεως
541 2528 723 2615 ίνίπρησεν,
745 2527 790 2606 olo
807 2466 846 2593 db
866 2508 956 2596 δίίοί
972 2532 1083 2610 φασίν,
1102 2525 1149 2595 ’ὅτι
1161 2534 1225 2611 πδρ
1238 2524 1367 2606 ίξείδδν

254 2614 290 2681 te
310 2620 369 2680 sori
389 2616 609 2701 θυσιαστηρίου
628 2610 729 2681 πάντα
747 2612 922 2680 emisenus.
963 2614 998 2675 id
1013 2618 1137 2677 omnino
1150 2614 1253 2697 prodit
1265 2616 1366 2675 Geor-

254 2703 324 2782 gius
342 2700 568 2763 Alexandrinus
588 2704 623 2761 in
642 2703 705 2761 rita
723 2698 933 2785 Chrysostomi
948 2700 1030 2783 apud
1044 2700 1206 2777 Plotium,
1230 2701 1365 2762 scribens

255 2806 325 2847 eam
347 2788 538 2867 potissimum
555 2796 672 2869 partem
687 2786 829 2847 incendio
853 2787 1045 2867 absumptam
1065 2807 1143 2870 qnae
1161 2790 1240 2846 circa
1255 2786 1365 2845 ambo-

253 2892 328 2932 nem
343 2882 422 2933 erat:
444 2872 497 2935 παί
513 2868 547 2937 sd
568 2875 631 2956 πῦρ
647 2869 794 2953 ἀναφθὲν
806 2874 863 2952 τῆς
874 2870 1099 2952 ίννίησίαςτυῦ
1111 2869 1254 2951 δμβονος
1265 2867 1364 2934 πολλοὶ

254 2960 318 3021 τοῖν
335 2958 421 3041 πίριξ
438 2950 671 3038 πατεντμῆσατο.
713 2956 799 3018 addit
815 2978 983 3040 anonymus
998 2958 1170 3017 Combebsii
1184 2954 1242 3038 τη“ν
1256 2955 1367 3039 στέγην

253 3046 310 3123 τῆς
323 3044 481 3124 ἐκκλησίας
496 3046 610 3125 pariter
626 3044 844 3124 conflagrasse:
865 3042 921 3103 sed
939 3054 1035 3119 errat,
1058 3062 1128 3101 oum
1140 3040 1174 3101 id
1188 3043 1244 3103 sub
1255 3040 1366 3100 Theo·

255 3126 341 3188 doeio
358 3132 401 3189 Μ.
416 3149 443 3191 a.
458 3132 497 3203 6,
519 3148 589 3189 oum
610 3128 743 3189 secunda
763 3127 897 3211 synodus
915 3126 1019 3188 habita
1032 3137 1077 3188 est
1091 3130 1179 3208 Cpoli
1194 3138 1224 3186 et
1238 3126 1365 3186 cedente

253 3214 401 3293 Gregorio
424 3216 581 3274 Nectarius
606 3216 784 3275 substitutus
808 3226 854 3276 est
878 3211 1065 3295 patriarcba,
1087 3212 1231 3273 accidisse
1249 3210 1365 3272 subdit.

254 3296 388 3381 deniquo
407 3314 519 3379 magna
536 3300 663 3361 ecclesia
684 3318 805 3361 rursum
823 3301 1018 3379 conflagravit
1035 3302 1167 3358 Honorio
1182 3301 1363 3378 imperante,

252 3386 344 3445 Aetio
361 3404 399 3444 111
421 3395 453 3444 et
474 3384 658 3467 Symmacho
675 3405 770 3463 coss,
792 3396 827 3445 ut
841 3396 945 3445 auctor
963 3395 1009 3445 est
1023 3386 1217 3443 Marcellinus
1234 3384 1364 3443 comest

253 3469 401 3548 templum
416 3470 518 3549 regisse
532 3470 615 3530 urbis
627 3474 698 3551 igne
711 3482 889 3546 crematum
911 3472 997 3530 cuius
1012 3468 1137 3551 quidem
1148 3467 1281 3529 incendii
1293 3488 1365 3527 me·

252 3557 343 3614 minlt
359 3558 424 3635 lpse
446 3556 598 3617 Honorius
611 3558 642 3615 iu
655 3560 828 3638 Rescripto,
851 3554 934 3640 quod
951 3567 1050 3616 exstat
1063 3567 1133 3636 post
1147 3555 1306 3637 epistolam
1318 3555 1362 3619 31

252 3642 422 3701 innocentii
434 3642 496 3713 ΡΡ.
540 3652 704 3702 restaurata
715 3642 910 3724 postmodum
925 3662 944 3702 a
958 3640 1131 3705 Theodosio
1148 3643 1284 3717 iuniore,
1305 3636 1364 3697 de·

253 3724 353 3785 dicata
373 3736 419 3786 est
442 3726 481 3786 ab
502 3729 602 3789 Attico
620 3728 790 3808 patriarcha
804 3730 864 3790 ΟΡ.
881 3730 942 3793 α.7
956 3727 1093 3790 eiusdem
1105 3726 1290 3801 Theodosii,
1310 3726 1365 3782 in-

252 3808 403 3888 dict-18,
424 3814 559 3875 Honorio
576 3832 601 3873 x
621 3826 651 3875 et
672 3814 847 3876 Theodosio
861 3834 896 3875 vr
913 3834 989 3875 coss.
1033 3812 1202 3874 Chronicon
1224 3812 1364 3871 Alexan·

253 3894 395 3957 drinum:
416 3901 460 3983 τρῑ
474 3892 556 3986 αυτῷ
572 3898 629 3965 tm
643 3899 824 3981 δπετελίσθη
838 3896 876 3963 vd
889 3900 1026 3983 ίγιιαίνιυ
1037 3904 1092 3979 τῆς
1108 3894 1239 3981 μτγδίης
1255 3896 1365 3976 issin-

254 3982 323 4055 σίας
342 3978 692 4061 Κονσταντινουιιδλεοος
714 3985 789 4069 μηνί
804 3985 941 4070 Ῑορπιίρι
955 3982 1017 4067 πρδ
1031 3978 1056 4057 ς’
1070 3986 1146 4048 ίδοδν
1161 3982 1363 4064 Ὀκτωβρίων,

251 4064 353 4153 ἡμέρᾳ
381 4072 522 4156 ινυριουιγῖ.
566 4072 648 4129 stetit
668 4091 758 4151 porro
778 4090 891 4150 magna
910 4072 1036 4130 ecclesia
1058 4088 1156 4151 usque
1177 4067 1217 4127 ad
1238 4086 1266 4124 a.
1287 4066 1363 4139 530,

254 4154 359 4233 quoin
375 4151 522 4214 seditione
538 4175 631 4237 quam
642 4158 874 4217 victoriatomm
889 4168 1014 4232 vocant,
1034 4158 1172 4215 maxima
1191 4152 1274 4212 urbis
1291 4168 1363 4229 pars

252 4235 393 4298 incendio
411 4250 588 4320 consumpta
604 4251 668 4318 σοις
691 4252 782 4324 atque
796 4244 877 4301 inter
889 4242 950 4301 alia
963 4240 1099 4301 aedificia
1115 4256 1245 4322 quaeso
1262 4234 1364 4294 deleta

253 4332 341 4405 sunt,
372 4342 484 4410 magns
511 4327 638 4391 ecclesia
665 4346 734 4391 cum
761 4326 918 4411 stupendis
941 4338 973 4388 et
995 4324 1183 4389 admirandis
1202 4322 1363 4398 columnis,
