3000 4850
426 342 482 409 m
508 340 790 413 nmrnonuu
809 285 965 414 uorsa
1119 450 1126 468 ¹
1174 344 1246 417 113

142 500 229 591 pion
272 524 394 568 cauum
420 514 483 567 tarn
507 508 668 589 pertinacis
688 526 792 569 morae
808 506 914 568 nullm
929 503 1140 569 historicmum
1160 507 1249 569 affert

142 600 262 673 praeter·
276 590 358 652 hunc
373 590 592 673 Nicephorum
613 612 686 654 saue
700 595 784 655 enim
793 592 864 654 nero
878 594 934 653 illo
948 590 1091 655 (lhosrois
1104 592 1248 655 mandato

142 679 195 737 vel
212 680 326 740 invitus
344 678 486 739 substitio
529 689 560 738 at
579 680 662 739 enim
676 679 799 739 turbant
812 676 966 739 cedrenus
982 697 1018 737 ec
1032 677 1252 761 Theophanes,-

124 839 126 843 .
144 761 220 822 dnm
232 782 261 822 a.
273 764 406 823 lleraclii
422 767 460 829 17
473 782 625 845 pugnasse
636 762 669 822 id
680 767 893 845 imperatorem
905 764 1055 837 scribunt,
1077 774 1111 823 ut
1122 763 1248 825 chosroi

143 858 290 908 terrorem
309 850 469 923 obiiceret,
492 868 552 930 quo
574 851 601 909 is
619 850 785 910 Serbarum
797 868 816 908 s
829 849 967 928 Byzantii
980 845 1139 909 obsidione
1159 870 1249 910 revo-

145 943 238 993 caret.
281 936 393 993 etenim
410 936 437 996 si
452 931 511 996 hcc
525 944 680 1015 tantopere
698 933 838 996 studebat
851 934 1024 1008 Heraclius,
1046 932 1122 1015 quid
1137 937 1250 994 attine-

144 1018 199 1077 bat
214 1028 385 1077 revocatum
400 1016 531 1079 eundem
547 1022 766 1079 commenticiis
779 1021 874 1079 literis
888 1014 1040 1079 retinere‘l
1081 1017 1138 1079 sed
1154 1020 1250 1079 mmi-

146 1122 216 1163 rum
239 1114 309 1163 ante
330 1106 489 1163 Avaricarn
511 1102 629 1164 cladem
648 1124 683 1163 ac
700 1106 831 1164 solutam
845 1105 983 1185 Byzantii
995 1101 1185 1164 obsidionem
1199 1124 1251 1163 re-

147 1186 267 1247 trahere
289 1188 452 1250 Sarbarm
473 1190 585 1264 voluit,
607 1209 648 1249 ne
669 1208 687 1249 a
707 1188 825 1250 duobus
838 1190 1054 1270 potentissimis
1067 1190 1251 1253 exercitibus

148 1276 377 1353 opprimeretur.
418 1273 502 1335 idem
516 1276 569 1334 ubi
581 1274 710 1334 feliciter
720 1273 761 1335 ad
771 1275 878 1334 urbem
890 1283 977 1355 gesta
987 1274 1089 1334 omnia
1100 1276 1251 1354 cognorit,

148 1360 256 1419 attritis
270 1378 382 1439 magna
396 1379 437 1419 ex
449 1370 535 1439 parte
551 1358 691 1421 chosrois
704 1361 837 1436 viribus,
858 1378 899 1419 ne
914 1378 984 1420 cum
998 1361 1167 1419 recentibus
1177 1360 1252 1420 Βατ-

148 1444 216 1503 bari
238 1447 332 1523 copiis
352 1444 582 1505 instaurandum
604 1456 756 1505 certarnen
777 1455 873 1521 esset,
894 1446 980 1505 nullo
999 1455 1051 1505 aut
1064 1446 1126 1504 leri
1145 1443 1252 1505 dome-

148 1530 224 1589 stico
253 1530 386 1609 periculo
417 1529 457 1589 ad
484 1529 705 1591 Chalcedonam
725 1531 902 1591 commorari
920 1548 1028 1611 passus
1051 1539 1108 1591 est.
1148 1532 1253 1611 itaque

149 1632 229 1695 qnae
255 1632 274 1673 a
299 1613 434 1675 (ledreno
457 1634 492 1674 ao
513 1612 702 1695 Theophane
723 1628 900 1690 namuco,
932 1633 968 1675 ea
993 1614 1093 1675 alieno
1116 1625 1253 1695 tempore·

149 1709 292 1779 usrrrpate
312 1699 352 1759 ad
370 1703 538 1782 superiores
560 1720 655 1761 annos
677 1700 834 1761 referenda
846 1710 926 1759 sunt.
968 1700 1060 1779 longe
1075 1703 1194 1779 gravior
1207 1710 1254 1759 est

150 1784 340 1845 Constantini
360 1787 507 1845 Manassis
528 1787 562 1845 in
586 1783 644 1845 hac
668 1783 794 1845 historia
813 1786 933 1865 lapsus,
964 1786 1017 1865 qni
1037 1782 1191 1844 Chosroen
1209 1786 1254 1843 ait

149 1871 332 1949 Byzantium
350 1889 447 1951 usque
470 1872 636 1931 exercitum
659 1868 801 1945 duxisse,
832 1888 924 1953 quem
942 1867 1068 1950 quidem
1085 1889 1142 1949 per
1160 1867 1254 1929 duces

150 1974 223 2015 suos
244 1954 400 2015 absentem
424 1958 526 2016 omnia
546 1957 675 2035 gessisse
698 1966 824 2015 constat.
873 1972 963 2033 pono
988 1955 1091 2013 literas
1111 1953 1252 2034 deinceps
1268 1964 1347 2025 1²59

151 2040 228 2099 alias
248 2058 268 2099 a
288 2036 420 2101 chame
436 2042 544 2101 missas
557 2051 587 2100 et
602 2061 621 2099 a
633 2042 777 2101 Romanis
792 2043 973 2119 interceptas
985 2038 1175 2119 Barbaroque
1190 2049 1255 2099 tra-

151 2123 230 2185 ditas
249 2135 372 2185 namant
390 2122 595 2206 Theophanes
613 2137 644 2185 et
660 2124 824 2186 Gadanus.
866 2144 972 2183 rerum
986 2144 1040 2183 eae
1052 2144 1114 2183 non
1127 2123 1167 2183 ad
1180 2125 1255 2184 Sar·

150 2209 260 2268 barum
274 2212 420 2291 scriptae,
440 2208 496 2271 sed
509 2208 548 2271 de
563 2230 600 2271 eo
610 2208 746 2272 necando
757 2208 798 2269 ad
810 2210 959 2290 collegam
971 2207 1185 2277 cardaricham
1197 2208 1255 2269 da·

152 2304 201 2355 tae
214 2294 345 2355 inerant.

237 2400 269 2461 p·
287 2382 326 2446 19
342 2399 373 2440 v.
392 2382 443 2446 16.
464 2372 728 2465 htowetsyisov]
743 2378 937 2461 Audroegam
947 2380 1103 2442 nominare
1115 2376 1256 2440 ridentur

151 2463 247 2526 iidem
261 2467 309 2526 illi
325 2467 495 2546 scriptores,
517 2487 591 2526 cum·
600 2465 722 2528 tradunt
736 2465 885 2528 chazaros
900 2487 954 2548 per
967 2468 1091 2547 Caspias
1105 2477 1207 2546 portas
1221 2468 1255 2524 in

151 2549 332 2631 Androegae
347 2552 503 2630 regionem
517 2553 705 2633 eruptionem
719 2553 837 2614 fecisse.

237 2655 270 2716 p·
284 2641 326 2703 20
341 2655 372 2695 v·
388 2641 417 2700 1.
461 2637 494 2700 oi
507 2633 693 2720 6111611161]
717 2658 820 2699 rursus
836 2640 949 2697 Avares
967 2654 986 2695 a
999 2632 1132 2698 chosroe
1150 2635 1255 2695 solici-

153 2721 209 2782 tati
225 2720 265 2780 ad
279 2722 386 2780 urbem
400 2719 574 2782 adveniunt.
613 2722 734 2804 quoda.
748 2722 858 2787 (1.6ἳό
874 2722 967 2799 vulgo
981 2721 1126 2780 tribuunt.
1148 2737 1257 2779 return

153 2809 294 2888 sequenti
306 2808 407 2886 potius
420 2825 500 2866 anno
514 2806 659 2888 quadrat,
686 2818 721 2867 ut
738 2829 779 2866 ex
792 2805 1001 2868 Alexandrino
1017 2803 1165 2864 chronico
1180 2825 1256 2864 con-

154 2903 232 2966 stat,
261 2893 294 2950 in
315 2911 375 2974 qno
389 2888 504 2971 duplex
519 2894 583 2952 eius
599 2890 752 2952 character
766 2891 903 2952 traditur.
946 2891 1059 2949 etenim
1076 2887 1256 2964 hdict.14,

154 2977 287 3038 Heraclii
301 2980 357 3054 16,
385 2987 453 3057 post
465 2978 530 3036 eius
542 2978 732 3038 consulatum
746 2977 804 3053 15,
833 2976 966 3035 Heraclii
977 2993 1049 3034 reno
1062 2974 1189 3034 iunioris
1205 2973 1258 3049 14,

154 3081 260 3122 mense
274 3064 373 3137 Maio,
406 3060 536 3138 die14,
568 3062 644 3122 feria
664 3060 704 3137 4,
731 3053 771 3126 osi
797 3065 813 3082 ”
830 3065 872 3148 τῇ
890 3059 964 3146 ayt,
984 3062 1257 3144 psconwsqeocsfi,

154 3145 278 3208 scholae
306 3157 408 3208 contra
426 3150 570 3206 loannem
589 3147 740 3210 Sismurn.
797 3149 884 3216 ‘tiose
903 3146 1079 3206 convenisse
1104 3141 1256 3203 dicuntur.

156 3231 218 3292 duo
234 3230 327 3310 haec,
349 3233 495 3292 nhnirum
509 3233 621 3296 faust
639 3234 714 3292 Maii
730 3230 772 3297 14
787 3243 817 3291 et
828 3233 871 3296 25
888 3230 953 3290 dies
967 3248 986 3288 a
1000 3227 1153 3310 paschate,
1174 3247 1256 3310 quae

156 3329 203 3378 est
223 3311 500 3400 procucurationi,
530 3319 652 3377 nonnisi
674 3337 744 3378 cum
764 3336 792 3377 a.
804 3317 838 3377 C.
854 3317 917 3380 626
938 3317 1105 3395 comparari
1118 3323 1255 3395 possunt,

157 3403 241 3484 cyclo
256 3405 347 3464 lrmae
361 3404 416 3478 19,
437 3403 510 3463 solis
524 3402 605 3484 apud
621 3397 795 3484 cpolitanos
808 3412 839 3462 et
850 3422 891 3460 ex
903 3403 1032 3460 Maximi
1043 3398 1187 3461 methodo
1205 3398 1256 3463 14.

156 3491 304 3550 terminus
320 3485 471 3569 paschalis
485 3489 599 3568 Aprilis
614 3491 666 3553 17.
709 3497 918 3549 concurrentes
932 3488 996 3547 sira
1012 3496 1135 3566 epactae
1148 3486 1256 3550 solisz

157 3593 227 3634 cum
242 3572 428 3653 regularibus
443 3577 463 3640 8
476 3577 531 3652 τῆς
543 3573 699 3649 nunccine
715 3572 788 3634 dant
797 3575 906 3646 feriam
917 3572 949 3636 6.
979 3589 1073 3652 quare
1086 3575 1129 3636 20
1141 3570 1256 3651 Aprilis

156 3657 309 3720 dominica
322 3656 488 3740 paschalis,
505 3661 592 3718 litera
601 3661 629 3718 11
640 3657 720 3751 apud
731 3661 901 3733 Romanos,
916 3657 1000 3738 cyclo
1013 3657 1087 3716 solis
1097 3657 1148 3720 19.
1162 3657 1257 3738 quin·

157 3747 335 3827 quagesima
357 3742 429 3803 inde
446 3742 528 3820 dies,
549 3743 610 3805 hoo
626 3754 672 3804 est
689 3737 896 3824 πεντηκοσιή,
917 3743 1042 3808 stanit.
1084 3750 1116 3800 at
1130 3739 1173 3805 25
1190 3742 1256 3801 sire

157 3825 417 3912 psconmqsocsri
432 3829 506 3888 Maii
520 3829 578 3907 14,
598 3831 675 3890 faria
687 3829 719 3907 4,
740 3840 775 3890 ut
786 3841 832 3890 est
842 3831 876 3888 in
888 3825 1048 3887 Chronico.
1090 3835 1257 3906 sequuntur

157 3914 285 3976 totidem
302 3917 355 3976 alii
379 3911 574 3976 characteres.
616 3917 699 3996 prior
713 3935 745 3996 p·
760 3917 837 3990 896,
869 3909 1256 3978 ubi291uniidominica

156 4002 251 4062 fnisse
267 3999 413 4082 proditur,
434 4001 511 4060 altar·
529 4021 560 4082 p.
577 4003 651 4076 901,
673 4001 726 4060 ubi
741 4001 871 4081 Angmti
884 4003 905 4063 2
920 3995 986 4058 dies
1000 3999 1077 4057 feria
1091 3999 1112 4060 7
1124 4005 1258 4054 notatur.

158 4088 252 4166 igitur
267 4089 355 4152 litera
375 4083 457 4146 dom.
481 4087 518 4146 11.
561 4084 644 4168 quod
665 4083 705 4146 ad
724 4083 882 4145 historiam
896 4084 1073 4164 (ipolitanae
1094 4077 1258 4140 obsidionis

157 4175 267 4232 attinet
283 4191 318 4232 ac
336 4171 522 4232 liberationis
542 4169 679 4232 eiusdem
691 4174 727 4230 B.
742 4173 876 4250 Virginis
892 4188 950 4250 ope
963 4186 999 4227 ac
1013 4167 1180 4248 patrocinio
1192 4183 1259 4222 ser-

157 4267 255 4331 vatae,
269 4258 407 4338 pluribus
423 4275 459 4315 ea
472 4260 673 4318 narranturin
688 4259 743 4318 illo
754 4253 902 4316 chronico
915 4257 1051 4336 itemque
1061 4247 1259 4332 apndTheo-

156 4339 291 4423 phanem
310 4354 340 4404 et
352 4339 532 4403 Cedrenum.

198 4433 309 4505 nuspa
331 4434 420 4490 csse
1030 4419 1053 4481 a
