3000 4850
569 321 777 389 seltossnt
801 319 843 388 Π.
1186 322 1256 394 161

242 488 314 554 157.
357 485 551 566 forsan‘pro·
565 480 633 550 isos
657 484 822 566 legendnm
842 479 933 550 oica.
976 487 1119 547 orationis
1139 487 1201 548 vim
1224 491 1257 547 in

154 576 295 634 Heraclio
315 571 553 631 admiraculum
568 592 665 653 usque
686 573 804 631 extollit
823 570 926 632 Pisida
950 571 988 630 da
1004 574 1121 650 Esped.
1141 579 1162 636 2
1186 577 1256 638 170.

153 659 206 718 hic
228 669 331 718 autem
353 676 466 735 magno
489 658 568 716 saltu
585 677 603 714 a
617 659 750 716 militum
769 657 903 732 delectu,
926 676 1019 737 quem
1035 659 1190 719 Heraclius
1206 660 1256 716 in-

154 749 252 804 stituit
273 747 306 802 in
327 747 426 823 prima
451 740 660 822 expeditione,
692 742 731 802 ad
756 763 793 802 sa
819 762 896 823 quae
923 741 1006 800 idem
1028 745 1190 824 imperator
1213 747 1255 803 cis

155 842 297 910 transque
310 826 497 908 Euphratem
510 831 603 906 gessit
614 831 648 886 in
662 826 793 886 secunda
807 829 914 888 leviter
925 829 1099 908 attingenda
1113 833 1253 900 excurrite

155 914 194 973 da
208 915 335 974 transitu
348 910 527 993 Euphratis,
549 913 648 992 deque
661 915 700 972 iis
717 933 795 994 qnae
809 916 986 994 insequente
1002 917 1163 973 Persarum
1179 912 1254 972 duce

154 1001 285 1061 Sarbaro
300 1009 365 1058 acta
380 1009 467 1073 suut,
487 999 555 1057 fuse
567 997 773 1079 Theophanes
784 1021 820 1078 p.
838 1003 911 1063 262.

241 1088 314 1149 160.
357 1085 483 1142 obscura
501 1085 593 1164 plene
608 1094 678 1143 snut
691 1103 769 1165 quae
786 1087 818 1142 in
833 1085 965 1166 quinque
977 1085 1171 1165 sequentibus
1183 1103 1253 1143 ver·

155 1171 239 1229 sibus
253 1171 452 1228 continentur.
489 1170 594 1228 forsan
607 1181 658 1228 aut
671 1167 818 1228 mendum
833 1180 885 1228 aut
896 1167 996 1229 hiatus
1004 1171 1098 1246 ,cubat
1109 1173 1141 1228 in
1154 1180 1253 1246 textu.

154 1272 262 1314 vocem
280 1250 338 1334 τὴν
358 1250 523 1337 ripamaris
536 1253 576 1313 ad
591 1261 753 1334 συμφορᾶς
773 1275 838 1315 esse
852 1254 1115 1314 reserendam'non
1132 1253 1252 1320 dubito:

155 1344 218 1399 scio
234 1343 316 1400 enim
328 1359 418 1420 saepe
430 1334 594 1418 ὔρασηκός
609 1360 678 1399 cum
693 1343 826 1419 genitivo
841 1343 998 1420 coniungi,
1023 1350 1052 1398 et
1066 1337 1123 1420 ’τήν
1134 1339 1254 1420 δραστι-

153 1425 216 1569 zi
231 1421 692 1573 tls⁰ttitzms⁰⁶stu
705 1419 1254 1574 Λ...

154 1535 293 1680 uooigqs
304 1535 464 1678 udppcpda
475 1534 694 1677 vosd'vihtoa?
714 1607 745 1656 et
758 1530 840 1678 qdod
850 1592 910 1656 hoc
922 1599 961 1656 sit
973 1555 1068 1674 genia
1079 1535 1253 1676 syntaxdos,

153 1701 276 1761 prorsus
292 1701 343 1741 ms
355 1683 440 1740 latet.
482 1683 555 1740 nori
568 1682 698 1742 Graecos
715 1683 805 1761 τῆςόε
822 1701 876 1762 pro
888 1685 951 1760 ’τῆς
966 1686 1025 1763 γῆς
1044 1692 1074 1740 et
1091 1681 1180 1744 rosida
1197 1699 1253 1759 pro

153 1771 211 1828 τοῦ
222 1763 341 1844 κόσμου
354 1786 466 1847 ponera
481 1764 660 1849 aliquando,
682 1787 718 1825 ac
729 1768 856 1826 fumasse
869 1785 923 1846 pro
935 1761 1023 1829 τοῦδ’
1037 1764 1057 1829 d
1067 1765 1134 1848 βίος
1145 1766 1254 1843 legen-

153 1849 231 1909 dum
252 1862 298 1910 est
317 1853 412 1915 rorida
431 1853 511 1932 dioc.
553 1873 659 1911 verum
676 1851 750 1934 qnid
766 1851 860 1911 iudei
881 1853 1007 1912 fortasse
1022 1852 1168 1910 moralem
1182 1869 1254 1909 sen-

153 1956 224 1996 sum
242 1938 339 2018 possis
358 1938 482 2013 elicere,
504 1948 652 2018 tanquam
674 1941 739 1997 vito
760 1937 852 1996 hrum
868 1937 976 1996 mundi
987 1937 1031 1995 sie¹
1044 1935 1256 1994 calamitatem

153 2025 292 2082 aemam.
347 2021 402 2082 sed
422 2023 574 2104 quomodo
597 2021 675 2082 haec
691 2027 771 2082 iuter
795 2043 828 2082 se
851 2020 1044 2096 cohaereant,
1073 2041 1135 2080 non
1154 2018 1255 2092 video.

154 2110 245 2188 quale
265 2118 369 2166 autem
389 2119 435 2168 est
451 2110 666 2185 infortunium,
689 2127 768 2189 quae
789 2120 836 2168 est
852 2127 963 2188 magna
983 2109 1154 2180 calamites,
1177 2123 1256 2185 quae

153 2204 221 2272 post
231 2196 391 2253 transitum
403 2191 567 2274 Euphratis
581 2205 612 2253 et
622 2188 689 2276 μετ’
703 2193 801 2276 ἔργων
814 2189 958 2274 lundras
969 2191 1078 2251 accidit
1092 2187 1254 2264 Heraclio‘l

154 2289 233 2337 certe
250 2277 474 2359 Theophanes,
502 2281 556 2360 qui
572 2277 649 2338 haec
665 2289 800 2338 accurate
818 2277 975 2353 describit,
997 2278 1172 2336 Heraclium
1189 2278 1255 2336 Eu·

151 2361 260 2443 phrate
271 2367 447 2425 transmisso
461 2362 501 2424 ad
515 2366 621 2425 saram
633 2366 747 2424 flumen
763 2367 930 2425 constitisse
941 2365 1045 2445 ibique
1058 2364 1185 2421 viriliter
1197 2381 1257 2442 pu-

153 2468 262 2529 gnasse
284 2471 319 2509 ac
340 2452 620 2530 plurima·vulnera
642 2454 791 2531 accepisse
813 2460 933 2509 namet:
966 2453 1009 2508 ait
1032 2452 1115 2509 enim
1137 2470 1172 2527 p.
1194 2452 1257 2529 263

151 2532 266 2609 πολλαὶς
280 2532 397 2617 πληγὰς
413 2535 537 2617 Ιδίχετο.
580 2558 688 2597 verum
710 2540 736 2597 si
756 2534 863 2597 demus
878 2534 958 2615 hauc
973 2555 1039 2595 esse
1054 2534 1257 2595 calamitatem

154 2619 193 2679 de
215 2639 276 2701 qua
300 2624 492 2702 conqueritur
509 2626 625 2698 noster,
648 2620 800 2704 quomodo
820 2642 898 2703 quaa
916 2631 1083 2702 sequuntur
1101 2640 1132 2678 v.
1148 2623 1206 2683 171
1225 2627 1256 2675 et

155 2708 217 2769 172
242 2705 483 2786 explicabimusl
529 2719 632 2788 aperte
651 2710 747 2784 enim,
775 2718 809 2767 ut
829 2704 1061 2779 mihi'videtur,
1095 2702 1133 2763 de
1153 2699 1255 2785 aliqua

152 2791 227 2849 urbe
247 2792 285 2849 ab
308 2793 448 2851 Heraclio
468 2814 590 2868 eversa,
613 2814 674 2852 nnn
690 2792 727 2852 da
740 2793 916 2852 uulneribus
932 2790 1032 2851 eidem
1046 2791 1184 2863 inflictis,
1208 2788 1252 2845 ibi

152 2896 251 2935 senno
266 2887 322 2936 est.
365 2888 512 2958 quantum
526 2881 619 2958 igitur
631 2879 774 2958 colligere
787 2897 927 2958 possum,
949 2875 1051 2936 Pisida
1066 2876 1198 2955 aliquam
1212 2890 1254 2931 ex

152 2962 215 3020 illis
233 2963 375 3042 Assyriae
397 2965 567 3023 civitatibus
590 2962 743 3043 designat,
765 2965 798 3021 in
821 2963 931 3043 quibus
955 2960 1125 3020 Christiane
1145 2958 1252 3035 religio

152 3047 307 3127 quondam
327 3048 467 3124 florebat,
497 3068 590 3130 quam
614 3070 684 3108 cum
704 3049 860 3107 Heraclius
882 3054 903 3105 a'
920 3044 1071 3105 chosroae
1091 3040 1252 3124 tyrannide

152 3152 328 3211 oppressam
349 3143 380 3192 et
398 3136 603 3214 impietatibus
620 3136 809 3214 profanatam
828 3130 1090 3213 deprehendisset,
1112 3130 1176 3189 solo
1198 3148 1252 3186 ae-

152 3217 308 3297 quandam
328 3238 394 3278 esse
418 3222 531 3279 statuit.
575 3239 662 3300 porro
680 3219 759 3278 hanc
776 3222 976 3278 coniecturam
993 3217 1088 3277 secuti
1102 3217 1144 3273 ita
1158 3214 1254 3275 verti·-

151 3322 231 3361 mus.
274 3306 327 3385 qui
339 3305 449 3363 melius
463 3308 557 3385 sepit,
578 3306 687 3365 melius
701 3304 857 3364 iudicabit.

239 3389 310 3450 167.
352 3392 519 3450 Darantasia
543 3393 778 3471 Mesopotamiae
803 3392 907 3449 civitas
926 3405 995 3448 cnm
1008 3388 1082 3447 urbe
1097 3388 1177 3447 Dara
1191 3404 1254 3444 non

153 3483 200 3531 est
218 3472 442 3533 confundenda.
484 3478 579 3535 Daras
599 3481 696 3554 euim,
726 3496 803 3558 quae
825 3479 971 3556 Procopio
989 3485 1081 3549 teste,
1103 3474 1152 3539 de,
1164 3470 1255 3531 Bello

153 3558 239 3616 Pera.
260 3562 314 3634 10,
337 3558 468 3619 distabat
476 3562 574 3620 Nisibi
587 3560 692 3622 stadiis
708 3568 769 3628 100
781 3563 882 3620 miuus
899 3559 1033 3633 duobus,
1057 3578 1075 3618 a
1088 3558 1184 3617 limite
1198 3575 1256 3614 au-

140 3649 216 3700 'tem
228 3646 386 3725 utriusque
399 3649 521 3725 imperii
533 3650 650 3705 circiter
662 3651 722 3722 27,
749 3666 790 3705 ex
803 3666 881 3727 pago
899 3646 970 3705 urbs
988 3644 1190 3703 munitissima
1206 3643 1258 3700 fa-

153 3738 201 3786 cta
216 3738 262 3788 est
275 3729 312 3786 ab
325 3733 483 3791 Anastasio
497 3734 572 3813 imp.
587 3743 617 3791 et
630 3734 867 3811 Anastasiopolis
882 3730 978 3806 dicta,
1000 3740 1034 3789 ut
1052 3738 1154 3787 narrat
1171 3730 1257 3786 Eua-

153 3816 236 3891 grius
251 3814 342 3879 libs
364 3819 416 3881 87.
459 3818 627 3877 Darartasis
646 3829 765 3893 autem,
787 3828 821 3876 ut
836 3815 939 3875 Pisida
954 3816 1034 3875 infra
1050 3822 1193 3889 testatur,
1218 3813 1257 3870 ab

152 3900 293 3958 Amasere
305 3900 443 3977 condita,
465 3901 616 3963 Chaereae
629 3904 817 3985 alionunque
830 3901 971 3961 Persidos
986 3920 1108 3980 regum,
1132 3899 1184 3979 qui
1197 3900 1258 3955 Ar-

152 3988 245 4043 taseri
257 3999 479 4062 successerunt,
500 3992 583 4067 regia
598 3987 686 4048 sedes
702 3989 772 4047 fuit.
815 3986 891 4047 haec
905 4006 999 4067 prppe
1012 3988 1131 4064 Tigrim
1146 3984 1258 4042 flamen

151 4068 210 4127 sita
225 4080 305 4144 erat,
328 4082 359 4129 et
373 4076 401 4132 si
417 4070 616 4153 Theophanis
632 4075 713 4132 valet
727 4076 904 4148 auctoritas,
927 4075 969 4137 25
984 4072 1107 4130 milibus
1124 4088 1142 4127 a
1159 4068 1258 4126 Ctesi-

150 4151 265 4232 phonte
286 4155 426 4216 distabat.
470 4157 524 4217 sed
546 4157 847 4235 animadvertendum
867 4157 1003 4217 Pisidam
1024 4166 1119 4215 metro
1140 4170 1254 4210 nomen

151 4240 252 4316 urbis,
281 4246 456 4324 ceteroquin
476 4244 654 4319 barbarum,
681 4243 941 4304 accommodasset
973 4260 1066 4323 quam
1084 4238 1167 4299 enim
1188 4239 1254 4315 ipsa

151 4323 344 4387 Dsrartem
365 4340 469 4407 vocat,
490 4328 677 4411 Dastagerda
698 4349 717 4390 a
737 4328 944 4411 Theophane,
967 4330 1005 4389 ab
1019 4328 1142 4387 auuore'
1157 4319 1255 4384 Chro-
