3000 4850
552 292 798 375 PRAEFdllO.
1187 326 1258 379 stu

145 496 254 537 nomm
268 494 311 537 ex
325 475 442 553 integro
453 472 624 533 tersionem
637 473 795 533 instituere
807 470 938 533 decrevi.
962 472 1019 534 sed
1031 494 1071 535 ne
1082 473 1256 541 videremur

144 583 251 641 nostris
271 581 405 639 nimium
423 574 603 656 plaudentes
624 575 723 633 aliena
744 578 934 656 vituperare,
971 598 988 635 a
1007 581 1131 657 regione
1151 590 1254 643 textus

116 718 118 723 ·
145 684 355 743 blorellianam
376 680 586 759 apposuimus,
621 657 758 737 noemam
776 682 932 753 autemin
954 699 1007 738 ora
1028 692 1164 742 extrema
1183 684 1253 744 libri

146 787 344 859 subiecimus,
371 791 407 840 ut
431 800 524 862 quam
539 782 667 862 quisque
680 780 767 839 malit
777 781 860 861 legat
875 792 906 840 et
920 793 1074 864 sequatm.
1117 804 1153 843 ao
1165 806 1253 847 mens

145 888 270 973 quidem
282 896 385 947 nostra
396 886 488 943 etiam
501 894 564 943 erat
575 884 676 981 iambo
693 884 803 944 iambis
823 882 968 960 reddere,
990 882 1046 944 sed
1060 890 1148 945 veriti
1162 908 1201 947 ne
1217 886 1251 947 id

145 992 226 1075 quud
251 994 327 1053 vitio
345 990 490 1049 vertimus
511 987 667 1061 Morellio,
701 987 789 1046 nobis
809 1006 930 1068 quoque
951 989 1086 1049 eveniret
1111 988 1252 1063 (difficile

146 1098 226 1155 enim
246 1114 314 1153 esse
332 1094 474 1152 novimus
492 1090 611 1151 obscuri
628 1095 736 1168 poetae
758 1108 863 1149 versus
878 1087 1007 1149 totidem
1020 1092 1157 1153 versibus
1170 1094 1251 1153 velle

145 1192 322 1273 declarare),
337 1193 449 1253 idcirco
464 1191 501 1252 de
516 1213 607 1253 sensu
621 1202 650 1251 et
661 1194 695 1251 vi
709 1192 870 1251 verborum
883 1203 1003 1253 tanturm
1014 1194 1137 1273 solliciti
1147 1196 1251 1275 paullo

144 1300 318 1361 liberiorem
337 1296 523 1355 confecimus
545 1298 725 1355 versionem.
776 1297 908 1355 multam
929 1307 1033 1358 autem
1062 1286 1188 1377 operam
1215 1300 1250 1357 in

143 1402 332 1461 Hexaeinero
349 1396 529 1458 illustrando
541 1400 775 1478 insumpsimus:
801 1418 874 1459 narn
887 1408 919 1458 et
930 1398 1145 1479 prolegomena
1158 1420 1250 1479 prae·

143 1506 283 1563 misimus
296 1513 326 1561 et
340 1500 549 1561 adnotationes
563 1498 746 1577 adiecimus,
776 1511 810 1559 ut
828 1499 911 1582 quod
927 1504 1098 1561 maximum
1112 1513 1158 1562 est
1172 1522 1248 1583 opus

142 1604 281 1682 Pisidae,
309 1608 462 1683 integrum
481 1624 522 1663 ex
538 1604 622 1663 omui
639 1614 724 1682 parte
737 1602 873 1683 prodiret
889 1606 924 1664 in
936 1605 1054 1681 lucem,
1082 1624 1116 1663 ac
1131 1606 1248 1665 nullam

144 1710 236 1769 aliam
252 1710 285 1767 iu
307 1718 463 1787 posterum
487 1703 670 1767 desideraret
688 1726 815 1765 manum
836 1706 1024 1767 adiutricem.
1066 1709 1101 1765 in
1117 1706 1249 1767 editione

144 1814 259 1869 Graeca
273 1809 410 1869 Brunelli
431 1818 546 1867 constat
565 1815 676 1889 potrus
691 1810 801 1869 iambis
822 1812 921 1885 1860,
948 1812 981 1869 in
995 1811 1248 1869 Graeco-Latina

143 1914 274 1973 biorellii
292 1914 384 1978 1880.
425 1922 529 1971 nostra
547 1930 644 1992 usque
667 1909 707 1969 ad
731 1914 936 1977 lateremus
957 1910 1100 1971 exbibet:
1129 1912 1248 1992 aliquos
1357 1927 1362 1942 ¹

143 2018 226 2073 enim
248 2014 380 2073 senarios
402 2014 476 2072 alibi
495 2016 621 2073 omissos
642 2022 672 2073 et
690 2010 849 2073 hincinde
865 2036 906 2074 ex
920 2014 1073 2075 codicibus
1089 2022 1248 2092 excerptos

142 2118 206 2175 suis
217 2117 294 2175 locis
307 2118 425 2175 restitui
442 2118 623 2175 curavimus.
664 2134 776 2196 neque,
801 2125 835 2175 ut
848 2116 985 2194 ridetur,
1006 2113 1190 2195 sperandum
1201 2125 1248 2174 ast

142 2219 274 2298 amplius
287 2228 321 2275 nt
335 2220 369 2276 in
383 2221 530 2279 maiorem
543 2238 704 2277 nnmerum
718 2230 894 2279 excrescant
906 2217 941 2278 hi
952 2222 1088 2295 senarii,
1103 2220 1164 2278 etsi
1172 2219 1248 2278 sat-

143 2318 197 2379 das
208 2330 351 2397 testetur,
383 2330 418 2378 ut
430 2324 567 2401 superius
586 2320 701 2381 dictrrm
721 2331 784 2396 est,
811 2332 858 2381 ter
877 2324 962 2381 mille
984 2322 1059 2381 olim
1078 2320 1247 2381 constitisse
1290 2352 1295 2361 ·

141 2424 365 2496 Herui‘meron,
395 2435 425 2484 et
442 2426 582 2486 Labbeus
595 2448 633 2504 p.
651 2425 712 2490 385
734 2426 814 2484 Bibl.
835 2445 934 2484 norae
953 2444 1017 2484 mss
1037 2445 1078 2484 ex
1099 2425 1244 2502 Gatalogo

142 2528 292 2606 Scipionis
305 2529 402 2586 Tettii
420 2537 568 2588 memoret
581 2526 702 2587 Pisidae
716 2528 947 2608 Gosmopoeiam
966 2539 1013 2588 ter
1033 2527 1118 2586 mille
1139 2546 1244 2586 versus

142 2631 403 2710 complectentem.
447 2651 522 2712 opus
538 2641 583 2688 est
597 2630 703 2708 Sergio
718 2629 888 2708 patriarcba
901 2629 1047 2690 suadente
1060 2639 1244 2708 susceptum,

143 2735 230 2813 eique
243 2733 342 2791 multa
358 2730 484 2792 laudum
499 2731 758 2792 commendatione
772 2731 916 2792 dicatum.
960 2736 993 2792 in
1010 2751 1063 2808 eo,
1091 2733 1147 2792 sub
1165 2740 1244 2789 tecto

142 2836 240 2894 Procli
254 2835 394 2912 nombre,
417 2834 584 2896 Iohannem
597 2831 801 2914 Philoponum
813 2838 879 2915 peti
892 2838 925 2894 in
936 2844 1071 2892 mentam
1085 2834 1168 2892 venit
1180 2833 1246 2911 pri-

142 2955 227 2996 mmn
240 2940 357 3012 Caveo,
377 2957 412 2996 ac
427 2936 536 2996 deinde
551 2940 643 2996 etiam
660 2935 795 3013 ondins,
818 2936 901 3018 quod
916 2937 1033 2994 anobis
1049 2937 1082 2992 in
1099 2935 1245 3011 Prolego·

142 3042 239 3098 menis
252 3039 343 3099 latius
358 3039 553 3121 expenditur:
576 3039 631 3100 sed
649 3060 807 3120 perperam
829 3037 912 3104 inde,
922 3041 988 3119 ipse
1002 3038 1082 3096 Cave
1103 3045 1137 3094 et·
1149 3032 1245 3099 Oudi-

142 3161 201 3200 nus
217 3139 385 3200 iudicarunt
396 3141 480 3201 idem
494 3141 553 3202 boc
574 3163 639 3202 esse
655 3162 731 3222 opus
746 3162 816 3200 oum
829 3147 987 3220 poemate,
1019 3135 1102 3220 quod
1116 3156 1139 3195 a·
1148 3138 1244 3196 Geor-

144 3245 195 3340 gio
209 3253 308 3302 nostro
321 3242 440 3326 μέτροις
454 3237 589 3326 α’ρίστοις
602 3241 701 3324 ὥσπερ
716 3244 832 3308 εἴθιστο
843 3235 988 3325 γράφειν,
1018 3251 1126 3302 contra·
1136 3237 1244 3299 Philo·

141 3365 258 3426 ponum
279 3357 438 3406 exaratum
457 3366 521 3405 esse
542 3346 644 3426 prodit
656 3343 911 3426 Nicephorusttb.
932 3347 970 3408 18
987 3364 1014 3402 c.
1031 3341 1092 3408 48.
1127 3351 1244 3403 namet

143 3468 255 3508 errasse
268 3445 472 3530 Nicephorum
494 3458 524 3506 et
543 3450 653 3508 falsam
670 3452 793 3509 omnino
814 3467 879 3509 esse
898 3449 1101 3507 coniecturam
1114 3465 1133 3506 a
1144 3447 1243 3505 caveo

143 3551 212 3612 inde
225 3554 352 3632 petitam
364 3571 440 3610 mox
453 3549 743 3629 demonstrabimus,
766 3570 836 3610 cum
846 3547 884 3608 de
896 3556 1036 3630 po'emata
1048 3552 1082 3608 in
1100 3549 1245 3607 &verum

143 3674 278 3734 agemus.
322 3665 455 3714 ceterum
466 3653 586 3713 Pisidae
602 3657 801 3734 cosmopoeia
822 3663 885 3713 tota
907 3653 1015 3712 referta
1035 3662 1080 3711 est
1098 3654 1158 3730 piis
1172 3659 1246 3710 sen-

142 3737 260 3832 tentiis,
289 3757 398 3837 quibus
420 3754 459 3814 ad
475 3755 609 3816 divinam
621 3759 812 3816 maiestatem
823 3754 1087 3834 contemplandam
1099 3775 1140 3815 ex
1155 3753 1244 3812 rebus

142 3863 248 3918 creatis
262 3879 349 3919 mens
362 3858 495 3918 humana
507 3862 642 3918 maxime
655 3861 789 3938 erigitur.
834 3860 1047 3938 scriptumest,
1068 3868 1104 3916 ut
1115 3853 1245 3929 videtur,

141 3959 198 4022 hoc
213 3983 290 4041 opus
305 3964 381 4022 circa
396 3983 509 4022 annum
523 3965 594 4038 629,
618 3981 677 4043 quo
693 3972 830 4041 ternpore
844 3962 1001 4042 Heraclius
1014 3957 1145 4019 secundo
1161 3955 1244 4014 bello

142 4065 278 4124 confecto
292 4066 356 4123 iarn
370 4063 527 4125 Persidem
540 4064 708 4143 subegerat.
752 4065 795 4122 ita
817 4066 899 4122 enim
910 4060 1013 4122 Pisida
1029 4063 1170 4139 Sergium
1187 4075 1243 4136 pro

141 4169 279 4228 Heraclio
296 4179 432 4228 orantem
445 4167 561 4229 inducit
573 4187 603 4225 r.
620 4165 700 4232 1845
708 4184 716 4224 τ
742 4164 795 4228 stul
810 4163 863 4240 tir
875 4161 929 4231 cdv
942 4164 976 4229 ln
988 4167 1046 4228 coti
1058 4152 1246 4245 προσλαβόν·

140 4291 179 4331 τα
192 4265 225 4333 τό
241 4266 352 4355 κράτος
364 4268 418 4337 ro'u
430 4265 656 4356 assuspirans,
677 4263 733 4334 so'v
747 4264 880 4350 didacus
892 4266 1063 4350 Περσίδος,
1083 4266 1197 4345 μᾶλλον
1211 4255 1246 4325 dl

184 4379 283 4450 (ἕως.
307 4380 390 4436 Puta
1019 4370 1041 4431 2
