3000 4850
214 328 266 404 98
465 330 678 413 QUERGIUS
700 331 748 399 lli
772 332 1078 405 sxrmmoms

302 500 375 563 132.
417 498 583 558 minimum
604 494 775 580 discrepem
801 504 892 563 ceteri
921 500 1073 579 historici,
1104 500 1321 585 Theophanes,

215 582 387 674 cedrenus,
408 588 543 645 Zonaras
562 595 593 644 et
611 584 817 665 Nicephorus,
839 590 893 670 qui
914 608 1022 651 omues
1045 588 1205 649 adfirmant
1223 595 1321 651 Hera-

217 670 312 729 clium
329 688 408 729 anno
423 673 545 751 imperii
560 673 608 730 sui
623 673 679 747 12,
701 670 814 731 Christi
826 678 906 751 622,
929 694 998 735 eum
1018 678 1081 734 iam
1099 674 1216 737 Pascha
1240 679 1320 737 cele-

215 759 348 831 brasset,
368 759 472 816 statim
486 758 520 813 in
536 754 693 815 Persidem
705 762 887 837 perrexisse.

302 845 375 909 189.
417 844 452 901 iu
472 840 575 901 codice
594 843 702 903 solitus
721 864 828 905 censor
848 837 1013 927 σεβάσμιον
1027 846 1061 905 in
1075 848 1244 929 cecropios
1262 869 1319 909 ro·

213 931 320 990 luisset
331 930 495 987 immutari.
600 1002 605 1008 ἡ

301 1014 372 1077 140.
415 1014 581 1093 imaginem
601 1008 833 1098 ἇχειροποίησον
850 1013 1008 1092 describit,
1030 1014 1069 1077 de
1090 1037 1151 1099 qua
1170 1016 1319 1081 ridendos

213 1104 371 1160 cretserus
385 1100 424 1160 de
436 1101 538 1179 Imag.
558 1096 752 1180 commutans.
769 1112 840 1161 tom.
856 1101 943 1181 15p.
961 1104 1038 1177 1993
1061 1122 1159 1185 aquo
1174 1103 1318 1185 equidem

212 1189 247 1245 iu
260 1206 297 1245 eo
313 1184 473 1259 dissentio,
494 1182 578 1268 quod
589 1195 675 1264 putet
686 1189 867 1265 imaginem,
890 1206 950 1269 qua
964 1190 1099 1249 munitus
1116 1190 1274 1249 Heraclius
1285 1194 1318 1249 in

212 1269 370 1331 Persidem
388 1274 512 1351 irrupit,
533 1272 627 1331 fuisse
647 1270 844 1352 archetypam
863 1274 1144 1333 Camulianensem:
1165 1286 1197 1334 at
1214 1276 1318 1355 paullo

212 1368 283 1417 aute
297 1360 417 1435 p.198
440 1378 481 1415 ex
503 1358 677 1435 Menologio
696 1360 763 1436 ipse
784 1370 909 1417 noverat
927 1379 966 1418 ne
986 1362 1093 1438 Sergio
1113 1360 1238 1442 quidem
1259 1380 1318 1441 pa-

213 1440 361 1503 triarchae
382 1443 504 1501 licuisse
525 1462 601 1502 eam.
612 1446 757 1519 retinere,
782 1454 813 1502 et
837 1446 953 1503 visione
975 1444 1108 1526 quadam
1126 1449 1318 1525 perterritum

213 1529 352 1588 coenobii
365 1527 523 1587 cuiusdam
535 1529 720 1608 virginibus,
742 1549 761 1587 a
777 1530 888 1609 quibus
903 1532 991 1589 illam
1004 1529 1190 1608 abduxerat,
1212 1531 1317 1591 reddi·

212 1613 304 1673 disse.
336 1613 488 1695 quomoda
500 1617 593 1692 igitur
605 1613 733 1674 eandem
747 1617 914 1695 imaginem
927 1618 1084 1677 Heraclius
1096 1636 1200 1677 secans
1213 1638 1317 1697 aspor-

212 1710 305 1759 tasset
323 1703 358 1757 in
374 1697 553 1760 Persidemi
597 1698 740 1780 equidem
762 1720 870 1761 censeo
889 1704 1074 1782 imaginem,
1095 1722 1189 1784 quam
1211 1702 1318 1763 babuit

211 1788 389 1865 imperator,
410 1806 473 1845 nou
497 1787 592 1845 fuism
615 1787 879 1847 Gamoliauensem
899 1788 956 1849 sed
979 1790 1072 1847 aliam
1093 1808 1134 1847 ex
1155 1786 1317 1870 archetypa

212 1870 368 1931 Edessena
392 1874 614 1931 accuratissime
632 1871 837 1933 efformatam:
859 1876 932 1934 satis
949 1878 1032 1934 euim
1050 1886 1170 1955 aperte,
1191 1886 1227 1933 ut
1239 1872 1317 1933 mihi

213 1956 351 2032 ridetur,
371 1956 475 2017 Pisida
487 1956 691 2036 Edesseuam,
713 1979 792 2039 quae
806 1978 824 2017 a
836 1957 954 2021 christo
969 1964 1038 2021 lesu
1052 1962 1146 2021 linteo
1159 1963 1315 2040 impressa,

213 2053 244 2103 et
256 2042 296 2101 ad
307 2044 465 2123 Abgarum
475 2046 569 2103 missa
583 2042 707 2119 dicitur,
728 2043 781 2103 hio
794 2042 948 2125 designat,
971 2048 1133 2107 subiiciens
1144 2066 1213 2105 eam
1215 2045 1317 2125 sauses

211 2131 408 2207 sirsepietura
419 2127 460 2187 ab
473 2132 539 2206 ι’ροο
550 2129 831 2210 verbofiguratam5
853 2130 935 2213 quod
948 2132 1074 2213 quidem
1088 2130 1126 2191 de
1139 2134 1204 2193 solo
1217 2130 1317 2193 Edes-

213 2234 287 2274 sena
304 2212 450 2271 traditum
467 2217 648 2292 accepimus.
690 2236 764 2273 nam
780 2214 818 2275 de
833 2218 1059 2279 camulianensi
1076 2217 1173 2293 unde,
1195 2228 1225 2277 et
1239 2236 1316 2299 quo·

210 2297 303 2359 modo
316 2299 408 2358 fuerit
420 2297 593 2374 efformata,
614 2300 705 2376 plane
720 2318 782 2358 uon
795 2312 929 2361 constat:
951 2316 981 2363 et
992 2306 1130 2386 quamvis
1142 2305 1221 2361 inter
1236 2300 1316 2384 dper-

208 2379 395 2467 ροηριήτους
416 2386 565 2462 imagines
587 2384 772 2459 celebretur,
801 2404 864 2444 non
885 2385 995 2448 desunt
1014 2400 1116 2450 tamen
1137 2391 1190 2471 qui
1209 2398 1315 2470 putent

209 2470 397 2541 Edessenam
415 2467 624 2528 tantummodo
645 2488 682 2527 eo
700 2471 825 2528 nomine
842 2483 922 2530 recte
937 2474 1092 2552 insigniri,
1117 2477 1247 2556 reliquas
1259 2495 1313 2533 an-

208 2569 289 2632 tem,
310 2575 350 2614 ne
371 2553 597 2614 camulianeusi
613 2552 737 2634 quidem
755 2568 898 2635 excepta,
921 2579 962 2616 ex
977 2578 1014 2616 ea
1027 2578 1133 2618 omnes
1149 2561 1243 2618 fuisse
1258 2579 1315 2618 ex-

206 2660 326 2723 pressas
339 2649 369 2699 et
384 2643 560 2719 exscriptas.
604 2660 710 2699 verum
728 2662 798 2700 oum
814 2641 969 2702 Edessena
985 2645 1086 2724 imago
1101 2664 1162 2702 non
1178 2642 1248 2702 ante'
1259 2664 1314 2702 au-

207 2719 283 2786 u'um
302 2723 415 2786 Christi
436 2725 499 2792 944
522 2727 666 2784 translata
687 2727 781 2786 fuerit
803 2729 938 2807 cpolim,
961 2739 1044 2808 patet
1062 2729 1237 2790 Heraclium
1253 2749 1314 2788 non

206 2807 404 2896 αὐτόγραφον
416 2809 472 2870 sed
486 2805 665 2892 ἆπὸγρσφον
677 2813 711 2869 in
723 2812 919 2892 expeditione
935 2817 1054 2872 Persica
1068 2835 1172 2874 secum
1185 2819 1314 2874 circum·

206 2900 324 2958 tulisse.
374 2895 450 2980 quid
468 2895 552 2978 qnod
570 2895 723 2956 cedrenus
739 2920 777 2976 p.
798 2897 860 2964 406
882 2901 1039 2960 salvatoris
1065 2903 1232 2980 imaginem
1252 2920 1312 2958 nou

206 2985 413 3044 manufactam
425 3003 467 3042 ex
477 2984 580 3064 Africa
592 3003 696 3043 secum
710 2982 875 3044 adduxisse
888 2987 1062 3044 Heraclium
1074 2981 1197 3045 narrati
1239 3006 1314 3044 num

205 3067 283 3130 haec
303 3089 423 3154 quoque
443 3069 503 3128 fuit
525 3071 783 3144 Camulianensis,
805 3081 839 3128 ut
861 3072 1001 3130 cretsero
1021 3069 1144 3151 placati
1187 3071 1313 3130 minime

154 3149 163 3163 ⁶
206 3176 296 3233 sero,
318 3155 373 3216 sed
390 3153 499 3214 eudem
513 3155 584 3230 illa,
606 3165 641 3214 ut
654 3175 753 3234 nuper
768 3155 913 3234 diximus,
935 3177 976 3216 ex
990 3155 1145 3216 Edessena
1159 3177 1312 3237 expressa.

205 3242 305 3301 fateor
323 3253 427 3299 mmen
443 3261 506 3299 non
524 3241 653 3300 multam
674 3239 767 3299 fidem
788 3239 993 3302 adhibendam
1005 3263 1071 3303 esse
1084 3241 1238 3320 cedreno,
1261 3243 1313 3324 qui

206 3347 269 3385 nou
278 3329 355 3409 ,satis
369 3325 538 3405 diligenter,
560 3337 596 3385 ut
606 3329 639 3384 in
653 3339 805 3407 comperto
822 3339 877 3404 est,
898 3325 1122 3408 Theophanem
1136 3331 1311 3408 exscripsit;

208 3430 270 3493 quo
297 3409 422 3492 quidem
441 3415 515 3470 vitio
538 3413 655 3471 laborat
685 3417 779 3471 etiam
805 3417 948 3473 Zonaras.
1003 3412 1209 3493 Theophanes
1230 3415 1311 3472 enim

170 3521 175 3532 ¹
202 3517 239 3577 p.
256 3496 320 3560 250
344 3495 393 3554 dei
416 3500 537 3571 matris,
559 3518 621 3556 non
646 3500 730 3558 verbi
755 3498 851 3558 divini
872 3501 1037 3579 imaginem
1054 3497 1310 3558 habuisseilera-

207 3583 303 3642 oliam
317 3583 425 3656 refert,
446 3593 513 3641 tum
528 3603 598 3642 mnu
614 3586 748 3663 primum
764 3604 805 3644 ex
820 3586 923 3644 Africa
937 3587 1058 3664 cpolim
1074 3589 1174 3660 venit,
1196 3595 1230 3642 ut
1243 3605 1309 3643 me-

206 3668 267 3726 lius
282 3668 495 3748 explanabitur
509 3667 550 3726 ad
563 3669 745 3729 Hetualiad.
761 3675 782 3735 2
806 3672 856 3736 14.
900 3671 956 3730 sed
974 3671 1101 3730 dubium
1114 3671 1238 3730 omnino
1250 3671 1309 3729 tol·

205 3752 243 3813 iit
255 3756 322 3834 ipse
334 3753 456 3828 Pisida,
483 3757 537 3834 qui
547 3757 730 3856 inproxima
742 3759 868 3816 Aoroaei
880 3776 911 3817 v.
925 3761 965 3822 87
978 3761 1051 3818 satis
1064 3767 1166 3836 aperte
1180 3753 1309 3814 declarat

105 3841 117 3860 ’
206 3858 269 3900 uon
291 3835 394 3902 εἰκόνα
406 3837 462 3898 sed
476 3835 678 3922 ἆσεικονισμσ
690 3846 749 3905 τοῦ
760 3837 940 3926 θεογροὶφοο
952 3837 1052 3906 τόπου
1068 3843 1161 3902 inisse
1178 3841 1307 3920 effigiem

203 3944 266 4006 qua
278 3944 351 3984 usus
367 3936 414 3985 est
426 3927 594 3985 Heraclius.
637 3938 736 3986 ratum
756 3929 848 4007 igitur
868 3928 1050 4010 firmumque
1067 3931 1124 4004 sit,
1144 3929 1307 4006 imaginem

201 4032 221 4070 a
234 4012 376 4090 religioso
389 4013 571 4090 imperatore
584 4012 782 4072 iuPersidem
799 4015 922 4072 allatam
935 4015 1030 4076 fuisse
1043 4011 1307 4078 isrnuorildesse-

202 4115 278 4156 nae:
299 4098 564 4158 camoliaueusem
579 4109 680 4158 autem
693 4098 733 4159 ad
744 4099 930 4178 praesidium
943 4101 1029 4160 urbis
1045 4101 1082 4160 ab
1098 4117 1135 4158 eo
1147 4099 1242 4158 fauisse
1259 4117 1308 4156 ra-

202 4183 323 4259 lictam,
344 4182 428 4265 quod
446 4203 487 4242 ex
498 4181 660 4242 Alaricus
673 4186 784 4244 clarius
797 4187 964 4266 apparebit.

288 4267 362 4333 144.
405 4266 620 4350 Theophanis,
641 4272 695 4350 qui
715 4268 852 4330 Pisidam
872 4291 935 4331 non
956 4271 1044 4351 sequi
1066 4268 1122 4330 sed
1140 4267 1307 4330 exscribere

202 4349 339 4430 videtur,
361 4355 452 4416 rerba
466 4359 530 4416 suis
541 4374 679 4437 quaeque
690 4356 766 4416 locis
778 4355 991 4437 respondentia
1007 4356 1169 4416 subtexere
1182 4353 1306 4426 iurabit,
