3000 4850
257 300 332 373 100
724 296 893 365 raravn

257 476 355 526 cetam
372 462 504 524 terrestri
518 464 641 541 itinere,
664 482 734 523 cum
746 466 886 545 pactione
900 464 955 525 tlt·
967 470 1001 525 ut
1015 462 1069 547 qul
1081 464 1165 545 prlor
1176 466 1364 547 pervenisset

256 550 418 631 imperium
445 550 609 625 obtineret,
639 552 761 610 temetsi
786 548 1033 632 adstipulatorem
1052 546 1146 611 habet
1164 569 1234 612 cum
1253 548 1364 611 Theo-

255 634 357 720 phane
380 635 436 719 (ρ.
454 632 517 699 249
535 634 584 713 A)
604 637 773 712 Zonaram,
801 639 856 698 six
876 646 922 697 est
938 645 974 697 ut
994 634 1125 702 credatu.
1167 656 1260 719 quem
1279 640 1364 696 enim

257 720 384 781 ridicule
400 722 522 779 Nicetee
541 718 690 780 conditio!
713 724 763 781 cui
777 743 832 803 per
844 721 1016 803 squalentes
1032 742 1233 803 arenososque
1250 731 1363 782 meros

256 807 373 867 infinito
393 804 611 885 propemodum
629 808 756 869 circuitu
770 806 901 887 peteuda
915 808 1017 889 Opolis
1030 808 1106 882 iuit3
1128 811 1188 868 nisi
1202 805 1283 866 hunc
1295 808 1364 866 for-

256 896 345 953 tassis
356 910 419 950 uon
431 892 464 951 in
479 890 582 951 Africa
596 900 662 951 tum
674 892 786 968 fuisse,
805 892 861 955 sed
876 891 1062 953 Alexandria
1082 894 1251 974 profectum
1271 890 1363 951 dixe-

256 980 308 1039 ris.
351 996 456 1057 verum
479 996 518 1035 ne
542 979 585 1043 sic
608 976 733 1059 quidem
751 981 817 1040 sine
837 979 965 1040 naribus
987 979 1094 1040 urbem
1113 978 1196 1039 adire
1217 981 1362 1059 potuerit.

256 1062 342 1133 addit
363 1059 569 1143 Theophanes
593 1064 714 1123 Octobri
732 1084 837 1125 mense
857 1064 983 1127 solvisse
1003 1064 1176 1127 Heraclium
1192 1083 1232 1123 ex
1245 1064 1363 1138 Africa,

255 1168 346 1225 anno,
367 1158 401 1208 ut
411 1159 506 1227 putat,
529 1147 565 1206 ab
580 1148 650 1207 orbe
663 1147 783 1210 condito
797 1150 891 1225 6102,
914 1146 1025 1209 Christi
1036 1169 1106 1208 vero
1119 1151 1192 1223 602,
1211 1150 1314 1208 Ootob.
1327 1146 1363 1225 4,

255 1235 331 1293 feria
347 1236 384 1309 2,
405 1231 512 1293 Indict.
528 1236 579 1299 14.
621 1254 728 1295 verum
740 1254 802 1295 non
817 1233 949 1297 secunda
962 1234 1056 1311 ferte,
1079 1233 1135 1296 sed
1146 1236 1243 1314 prima
1258 1236 1374 1314 potius·

255 1321 347 1380 fuerit
370 1319 504 1379 Octobris
524 1329 645 1399 quarto,
669 1320 753 1399 cyclo
771 1321 893 1406 collad,
914 1318 1147 1380 literadom.1).
1191 1318 1362 1383 emendan-

257 1402 313 1465 dus
332 1406 425 1482 igitur
444 1423 485 1462 ex
501 1403 709 1465 Alexandrino
727 1402 891 1482 Chronico,
913 1404 995 1488 quod
1009 1425 1106 1486 uuper
1121 1409 1158 1467 R.
1173 1406 1208 1467 Ρ.
1221 1404 1361 1467 asterus

165 1490 240 1550 P59
255 1499 358 1551 uester
378 1486 484 1549 edidit.
528 1493 613 1549 cuiue
631 1488 707 1551 haec
726 1491 818 1551 rerba
833 1501 920 1555 suut:
942 1486 1038 1576 τούτῳ
1052 1494 1097 1576 epi
1113 1490 1172 1555 ἔτεα
1192 1488 1232 1571 (8
1244 1492 1361 1551 scilicet

252 1572 391 1655 Phocus)
416 1571 654 1659 ὖπερβερεταίφ,
682 1572 760 1639 seed
777 1574 939 1657 Ῥωμαίους
954 1570 1128 1662 Ὀιτοβρίρο
1144 1570 1185 1683 p',
1207 1576 1363 1641 lsdssecsi·

253 1683 308 1737 νος
326 1656 375 1735 sd',
395 1658 495 1746 ἡμέρᾳ
512 1654 546 1736 ξ,
567 1653 794 1741 ἀναφαίνονται
812 1666 904 1727 πίοίο
923 1657 1014 1729 tewd
1026 1656 1103 1725 eard
1118 1684 1151 1727 sc
1167 1654 1363 1745 Στρογγιίίον

253 1743 431 1825 camillas,
460 1746 493 1813 tv
518 1738 565 1821 οίρ
585 1737 627 1832 ἦν
648 1744 700 1809 ναί
719 1738 893 1829 Ὴρᾶνίειορ
919 1744 939 1813 ί
961 1742 1028 1823 cide
1048 1744 1233 1825 Ἡρακλείαν.
1287 1766 1361 1825 ergo

253 1830 390 1894 Octobris
406 1836 444 1907 3,
466 1830 542 1891 feria
562 1836 584 1897 7
604 1833 735 1892 Heraclii
756 1833 859 1899 classis
880 1832 998 1913 appulit
1015 1830 1056 1893 ed
1068 1832 1226 1895 castellum
1240 1834 1362 1891 Rotun-

253 1915 338 1977 dum.
392 1926 424 1975 at
444 1913 648 1999 Theophanes
669 1922 762 1980 ericio
780 1913 1001 1999 ναυτιλλόμενοι
1018 1929 1121 1995 vocet,
1154 1915 1213 1977 hcc
1235 1927 1296 1993 est,
1324 1927 1363 1976 ut

251 2004 365 2063 Paulos
388 1998 539 2061 Diaconus
562 2002 584 2061 l.
601 2004 640 2067 18
663 2001 813 2079 reddidit,
833 2003 1007 2064 cosullctcs
1026 2005 1091 2065 sire
1112 2004 1237 2062 meritas
1251 2022 1358 2061 moes.

252 2084 379 2171 proinde
398 2086 533 2149 Octobris
549 2098 655 2168 quarto
669 2089 728 2149 fuit
741 2089 817 2151 ieris
831 2092 941 2171 prime.

336 2191 369 2252 p·
383 2168 405 2235 4
418 2193 448 2233 v.
463 2171 494 2237 6.
536 2167 660 2252 α’νδραῖν
672 2169 904 2256 πίηραίοαντες]
921 2174 998 2235 forte
1012 2177 1104 2239 esicio
1115 2192 1170 2253 pro
1184 2172 1263 2235 esici
1285 2190 1361 2230 nam

252 2260 410 2338 πληρῶσαι
425 2258 568 2338 aliquem,
590 2276 645 2339 pro
659 2279 696 2318 eo
712 2257 795 2342 quod
806 2269 853 2320 est
866 2261 1013 2324 instruere
1027 2260 1131 2343 copiis,
1151 2258 1286 2317 insolens
1301 2268 1358 2332 est,

252 2344 312 2404 nisi
328 2344 513 2403 accusativus
526 2340 731 2403 subaudietur.
1070 2347 1074 2352 ’

336 2426 377 2486 ib·
392 2447 422 2487 v·
436 2432 467 2493 9.
511 2421 669 2509 ια’πλοΐαρ]
692 2427 774 2511 quod
789 2426 829 2487 ed
841 2429 978 2491 Nicetem
991 2436 1121 2507 spectat,
1144 2422 1303 2486 videnum
1318 2422 1358 2484 ds
1485 2468 1486 2473 η

252 2532 290 2578 so
305 2511 480 2592 accipienda
492 2515 553 2574 sint
567 2511 627 2575 duo
639 2515 695 2576 ills
709 2513 838 2578 distiche
851 2533 928 2596 quse
943 2523 1013 2578 suut
1027 2509 1153 2575 Authcl.
1167 2508 1226 2575 ts
1242 2530 1268 2569 c.
1284 2514 1314 2575 1.

336 2595 378 2658 ib.
403 2618 433 2659 v.
456 2601 508 2663 10.
551 2601 689 2681 Κρίσπος
709 2599 759 2682 δέ]
782 2598 855 2660 huic
876 2599 1071 2659 Dementiam
1092 2595 1188 2656 filiam
1209 2607 1359 2676 tyrannus
1485 2598 1486 2609 ¹

253 2703 381 2750 uxorem
409 2681 548 2760 dederet,
579 2703 671 2768 quem
689 2689 852 2767 patricium
870 2696 901 2746 et
921 2684 1062 2744 comitem
1083 2682 1293 2742 excubitorum
1315 2683 1359 2740 ait

252 2771 346 2831 fuisse
366 2767 581 2850 Theophanes·
624 2767 663 2832 de
680 2773 882 2853 appellatione
896 2771 964 2851 ipsa
977 2788 1048 2829 cum
1060 2767 1186 2830 mirifice
1199 2769 1358 2845 scriptores

253 2853 423 2934 discrepent
459 2854 616 2936 (Priscum
637 2859 719 2918 enirn
741 2853 962 2936 Theophanes,
991 2858 1142 2928 Zonaras,
1170 2850 1358 2932 Nicephorus

252 2941 377 3004 Oellixti
396 2942 508 3022 aliique
525 2941 721 3022 nominant),
744 2961 801 3022 ego
815 2943 956 3022 Crispum
972 2957 1043 3000 cnm
1055 2950 1158 3002 nostro
1170 2957 1205 2997 ac
1219 2935 1357 2998 cedreno

252 3037 283 3086 et
308 3027 438 3106 Georgia
465 3027 606 3106 Syncello
635 3025 859 3089 rescribendum
880 3038 963 3107 puto.
1006 3027 1040 3084 in
1059 3022 1186 3086 Anthcl.
1205 3025 1228 3082 l.
1248 3021 1269 3085 4
1289 3025 1357 3102 epi-

252 3131 388 3191 gramma
406 3110 561 3192 quoddam
579 3124 679 3176 exstat
697 3114 740 3187 είς
756 3108 860 3176 eladae
873 3113 1031 3193 Κρίσπον,
1057 3128 1116 3192 quc
1134 3111 1236 3190 ipssnn
1253 3127 1271 3166 a
1287 3127 1357 3165 ma-

252 3197 425 3278 gnificentie
454 3195 624 3277 praedicat,
665 3211 695 3259 et
722 3199 909 3280 amplissima
938 3214 1076 3282 quaeque
1107 3196 1145 3254 eh
1173 3197 1355 3274 imperatore

250 3293 350 3344 voret.

336 3364 378 3426 lb·
423 3361 553 3446 ὁπηνίκα
569 3364 621 3447 dl]
644 3365 682 3426 de
701 3370 851 3428 sententia
872 3363 1092 3448 propemodum
1108 3373 1241 3425 constat:
1262 3363 1355 3423 verba

250 3453 317 3534 ipsa
329 3450 500 3532 depravate.
543 3451 614 3512 vide
628 3473 666 3510 an
678 3473 786 3512 rerum
800 3456 839 3513 sit
851 3449 1005 3532 τοτηνίκα
1020 3449 1061 3513 dd·

336 3535 378 3596 ib.
395 3556 424 3596 v.
441 3539 493 3602 12.
536 3534 580 3613 οίς
594 3534 633 3618 δή
648 3535 915 3682 παρνβραορένοςέ
933 3538 1057 3616 contigit
1070 3531 1130 3594 hoc
1145 3552 1174 3592 e.
1187 3529 1308 3592 Phooae
1323 3529 1354 3604 5,

253 3618 365 3682 Ohsisti
376 3621 448 3686 607.
491 3620 561 3683 vide
577 3625 727 3682 Zonaram
741 3635 771 3683 et
784 3622 893 3703 Theop
916 3642 1016 3681 auem.

335 3705 377 3766 ib·
394 3725 425 3766 v·
442 3706 491 3772 14.
534 3707 566 3772 ol
581 3712 643 3772 suiv
660 3702 831 3774 ἆννιθίτον
841 3703 1023 3790 χρομιίνων]
1044 3705 1185 3764 l’rssiuos
1200 3701 1354 3780 intelligit,

252 3793 306 3874 qui
322 3789 441 3852 Phocea
457 3793 544 3852 initio
563 3794 699 3854 faverant
713 3805 743 3857 et
755 3793 796 3856 ad
808 3792 1005 3856 obtinendum
1022 3792 1185 3871 imperium
1203 3784 1355 3848 adiutores

249 3879 387 3938 luerem:
409 3875 463 3938 sed
482 3890 586 3957 postea
602 3882 817 3944 contumeliose
830 3883 864 3941 in
877 3899 949 3940 eum
961 3879 1058 3940 multe
1069 3875 1208 3938 fecerunt
1221 3882 1252 3932 et
1263 3871 1354 3932 dixe-

250 3973 336 4040 runt,
357 3965 389 4022 in
412 3981 522 4044 eosque
546 3966 679 4024 vicissim
696 3977 846 4047 mannus
869 3968 954 4026 omni
974 3964 1099 4025 saevitia
1115 3957 1278 4020 bacchetm
1297 3967 1354 4017 est.

249 4051 352 4110 scribit
374 4047 579 4126 Theophanes
594 4069 623 4110 a.
638 4049 750 4112 Christi
762 4055 823 4117 609
838 4051 1028 4111 circensibus
1041 4045 1124 4108 ludis
1139 4044 1216 4104 haec
1232 4048 1267 4104 in
1282 4064 1355 4103 enm

247 4135 375 4196 iactasse
392 4136 550 4210 Presirsos,
572 4130 666 4200 redico
686 4137 732 4214 είς
751 4133 804 4200 τὸν
827 4141 943 4200 susim
966 4135 1062 4209 lasse,
1083 4126 1178 4194 ardiso
1198 4126 1254 4192 edo
1274 4133 1355 4193 soris

247 4213 413 4294 νίπόίανας.
455 4216 514 4280 hoc
527 4231 583 4298 est,
599 4232 634 4282 ut
646 4225 858 4303 interpretetur
869 4224 1030 4295 Diacouue,
1052 4221 1160 4276 iterum
1171 4218 1204 4274 ἰν
1212 4214 1355 4296 gaham

247 4303 362 4379 lils'sts',
388 4307 499 4366 iterum
519 4325 640 4369 sensum
656 4309 828 4388 perdidisti.
874 4308 985 4393 quibus
1004 4308 1144 4365 incensos
1164 4301 1219 4360 ille
1239 4302 1354 4360 maltos
