3000 4850
344 298 521 382 ouuucu
545 301 604 367 ue
628 301 893 370 nuncnunc
918 309 1135 380 uouuuu.
1218 313 1290 389 139

264 466 338 532 518.
382 468 422 526 cf.
442 472 456 530 i
473 469 543 527 cor.
564 472 585 534 6
608 468 660 533 15.

264 556 339 617 522.
382 551 452 612 vide
465 555 616 614 Hesoe'm.
638 555 660 617 4
680 550 740 618 401
766 566 796 615 et
817 557 891 622 600.

264 639 339 702 525.
383 640 525 720 augelus,
549 643 601 722 qul
614 649 695 699 ment
707 659 763 720 pro
776 645 915 703 Heraclio
931 653 1033 704 contra
1047 641 1231 725 chosroam,
1253 661 1288 710 ut

178 721 333 804 quondam
346 724 439 784 adeo
456 737 602 786 steterunt
618 725 695 784 duce
710 725 860 788 hiiohatile
878 727 1060 810 archangelo
1075 743 1178 794 ccutra
1193 737 1286 796 huoi-

176 809 288 868 lemm.
316 812 418 891 eugeli
430 815 523 886 enim,
545 823 580 872 ut
592 814 636 870 ait
646 810 746 871 David
760 813 849 872 Paul.
866 819 928 880 102
941 819 993 892 20,
1010 827 1147 896 putenm
1162 823 1286 894 vitute,

168 893 322 974 facientes
333 896 458 956 vabrum
471 897 567 956 illisce.

263 981 337 1045 627.
380 1003 436 1063 per
447 979 524 1043 haec
537 982 598 1042 duo
610 984 738 1042 flumina
751 986 859 1043 Persas
872 993 901 1043 et
911 985 1036 1061 Abares,
1054 989 1108 1072 qul
1117 997 1190 1048 tuuc
1200 1001 1285 1050 eraut

178 1063 280 1125 hostes
293 1069 442 1144 Heraclii,
464 1067 621 1149 designat:
640 1087 714 1126 narn
728 1069 769 1128 ad
782 1073 893 1128 Istrum
909 1071 1122 1152 utplurimum
1136 1085 1201 1133 auu
1215 1083 1286 1134 sunt

176 1151 259 1210 bella
272 1166 375 1214 contra
386 1155 512 1232 Ahares,
536 1167 566 1214 et
578 1153 743 1214 (lhosrcarn
757 1166 840 1216 trans
852 1159 973 1236 Tigrim
986 1159 1091 1238 lugere
1105 1163 1205 1240 coegit
1220 1163 1285 1220 lle-

177 1239 297 1298 raulius.
340 1238 411 1299 vide
422 1238 646 1321 Theophanem
654 1262 691 1318 p.
708 1244 782 1305 269.

261 1326 335 1390 628·
378 1323 449 1384 Vide
464 1327 563 1386 Ewd·
581 1328 601 1391 7
623 1329 676 1390 20·
1155 1365 1158 1374 ·

262 1411 337 1474 581.
379 1410 451 1471 vide
467 1431 558 1492 supra
570 1429 601 1470 r.
618 1413 668 1474 12.
722 1419 807 1492 petet
825 1421 927 1472 autem
945 1412 1081 1474 Pisidam
1099 1411 1178 1475 illud
1195 1417 1284 1476 Pauli

177 1494 284 1574 Sergio
303 1501 517 1557 convenienter
536 1494 779 1574 accommodare,
815 1498 882 1558 Cor.
903 1501 921 1562 1
944 1503 963 1563 8
986 1505 1024 1566 6:
1055 1521 1110 1581 ego
1125 1501 1285 1580 phalari,

176 1579 293 1659 Apollo
307 1585 435 1663 nguvit,
456 1584 530 1642 duce
541 1594 645 1644 mem
657 1585 873 1642 iucrenrenttme
889 1583 982 1643 dedit.

263 1666 337 1733 537.
381 1687 474 1750 quem
488 1668 649 1730 hicl‘isida
665 1667 826 1749 allegorice
840 1670 936 1728 filium
948 1671 1047 1751 Sergii
1060 1671 1203 1752 appellet,
1220 1691 1286 1731 esse

176 1751 275 1810 hlium
291 1755 424 1814 lleraclii
436 1773 499 1814 uun
513 1753 629 1814 dubito.
671 1755 770 1814 isfuit
782 1755 836 1814 ille
850 1756 973 1815 Flavius
985 1757 1208 1831 Constantinus,
1231 1760 1285 1838 qui

177 1837 287 1896 Novus
305 1839 520 1900 &attonsurae
535 1836 634 1900 dietus
648 1849 694 1899 est
713 1851 744 1898 et
763 1843 799 1898 lu
814 1843 916 1900 numis
928 1841 1096 1900 Heraclien
1113 1843 1287 1901 Cunctanti-

177 1945 237 1982 mu
256 1938 447 2006 nuncupatus
466 1929 628 1986 invonitur.
671 1927 750 1984 citou
764 1941 878 1984 annum
892 1929 957 1990 630
970 1928 1148 2006 Gregoriam
1162 1929 1286 1986 Nicetae

176 2013 295 2090 patricii
307 2011 412 2089 hlium,
429 2014 493 2070 iarn
506 2030 524 2071 a
537 2013 649 2071 teneris
663 2011 835 2091 unguiculis
847 2012 905 2070 sibi
917 2009 1138 2094 desponsatam,
1159 2015 1193 2070 iu
1204 2031 1286 2072 uxo-

175 2115 242 2155 rem
258 2095 358 2156 duxit.
400 2116 466 2156 rem
484 2096 577 2157 uadit
594 2095 781 2178 Nicephorus
803 2107 881 2176 patr.
902 2117 937 2176 p.
962 2099 1013 2162 15.
1056 2099 1159 2179 itaque
1180 2099 1287 2178 opinor

175 2181 312 2242 Pisidam
332 2181 447 2243 idcirco
468 2185 513 2243 ita
526 2184 759 2243 Conetsntinmn
779 2181 830 2242 hic
852 2185 982 2266 alloqui,
1013 2194 1047 2242 ut
1066 2183 1167 2242 fauste
1183 2186 1287 2242 omniu

176 2272 314 2347 augustis
326 2271 445 2350 sponsis
459 2268 679 2350 adprecaretur‚
696 2287 774 2352 quus
784 2279 888 2327 temen
900 2271 1094 2328 matrimonio
1110 2271 1285 2328 coniunctos

175 2373 239 2412 nou
253 2355 348 2414 luisse
363 2355 494 2435 legimus
506 2353 661 2414 incudem
672 2351 853 2434 nicephoro,
869 2357 929 2414 nisi
942 2365 1104 2439 postquam
1118 2356 1284 2431 Heraclius,

175 2443 326 2501 exstincto
340 2444 403 2500 lam
410 2440 544 2501 (ihosrca
559 2449 590 2500 et
604 2460 678 2521 pace
691 2456 762 2499 cum
776 2444 842 2502 eius
856 2440 1014 2503 filiastros
1026 2443 1116 2519 fecte,
1139 2438 1286 2503 ePerside

174 2528 271 2589 vietor
279 2524 535 2609 triumphansque
547 2526 733 2607 remigravit.

339 2742 1118 2823 unnenlcurlnss

561 2884 891 2947 nostrum

259 3036 454 3100 lleraeliados
466 3040 633 3119 inscriptio,
655 3056 749 3121 quem
760 3036 834 3097 huic
845 3036 1013 3117 poematio,
1036 3032 1154 3096 duabus
1165 3042 1284 3095 tentum

175 3126 347 3185 acrossihus
361 3123 587 3205 coruprehensc,
598 3126 699 3205 posuit
712 3122 826 3198 Pisida,
842 3122 917 3205 quid
931 3140 1078 3201 magnum
1090 3122 1182 3203 plane
1193 3119 1283 3181 ride-

175 3220 226 3269 tur
235 3213 333 3289 prima
345 3208 445 3270 &cute
457 3207 604 3291 polliceri.
631 3208 760 3269 iliadem
775 3212 858 3268 enirn
872 3218 902 3267 et
916 3206 1092 3288 Odyssean,
1113 3204 1283 3267 Aeneidem

176 3306 206 3355 et
221 3292 432 3371 Thebaidem,
462 3298 583 3379 aliaque
600 3294 777 3357 huiusmodi
794 3314 865 3353 eum
876 3294 1060 3357 Graecorum
1073 3303 1140 3351 tum
1153 3294 1282 3352 Latino-

175 3399 245 3439 rum
255 3388 396 3460 puemetu
412 3384 505 3461 longo
523 3380 652 3442 deducte
666 3382 734 3457 filo,
763 3376 854 3439 facile
874 3381 933 3439 sihi
951 3380 1080 3461 quisque
1095 3382 1127 3437 iu
1145 3389 1280 3438 mentem

176 3466 338 3525 moestu.
395 3466 415 3525 d
427 3486 533 3527 vereor
545 3488 585 3527 ue
599 3471 653 3550 qui
666 3469 748 3527 tituli
761 3464 960 3553 urpplltudine
977 3476 1081 3544 ceptus
1095 3462 1171 3548 quid
1181 3466 1281 3525 simile

176 3570 194 3609 a
208 3550 312 3611 Pisida
323 3488 496 3633 aniepeotat,
517 3573 536 3612 a
548 3572 602 3633 spe
616 3552 730 3613 diuidat
743 3571 816 3629 sua,
839 3571 910 3611 cum
922 3570 1021 3632 neque
1037 3552 1209 3631 scriptionis
1225 3570 1280 3630 ge-

175 3656 233 3696 uus
258 3656 359 3719 neque
386 3644 512 3719 poeseos
531 3643 720 3701 maiestatem
738 3656 839 3721 neque
865 3654 983 3712 rerum,
1013 3655 1091 3717 quue
1111 3646 1280 3712 narrantur,

174 3726 353 3801 gravitatem
367 3735 528 3805 conceptae
538 3728 642 3786 statim
653 3728 789 3806 opinioni
802 3726 875 3784 satis
889 3732 918 3782 et
932 3742 972 3782 ex
988 3740 1085 3805 aequo
1099 3720 1280 3802 respondere

175 3811 333 3868 invenerit.
377 3821 408 3869 at
420 3810 525 3870 Pisida
538 3810 678 3893 quidem,
703 3815 736 3869 ni
748 3811 850 3886 fallor,
873 3828 909 3867 ea
923 3808 961 3867 de
977 3828 1067 3867 causa
1081 3818 1144 3867 tam
1159 3810 1280 3888 specio-

175 3914 244 3953 sum
256 3896 381 3954 titulum
394 3898 458 3955 suis
468 3895 552 3957 hisce
562 3898 734 3957 aeroasihus
745 3898 906 3975 inscripsit,
927 3896 977 3953 vel
992 3897 1062 3976 quia
1077 3892 1116 3954 de
1130 3892 1282 3954 Chosroae

175 3978 313 4055 excidio,
342 3980 425 4062 quod
439 4001 544 4042 eorum
561 3986 700 4042 omnium
716 4001 794 4065 quae
814 3982 851 4040 ab
865 3982 1005 4040 Heraclio
1029 3990 1113 4060 geste
1131 3988 1202 4042 suut
1221 3980 1280 4037 fuit

176 4084 252 4145 opus
266 4070 455 4145 maximum,
482 4086 574 4148 agere
584 4071 777 4149 potissimum
788 4068 924 4143 volebat,
956 4065 1038 4149 quod
1052 4084 1125 4125 sane
1140 4085 1181 4124 ex
1198 4066 1280 4123 eius-

176 4148 248 4210 dem
259 4154 342 4212 tituli
354 4155 566 4233 explicatione,
581 4154 626 4229 εἳς
637 4150 693 4236 τήν
706 4155 825 4217 τελείαν
835 4156 951 4217 msicsv
965 4145 1115 4233 Xoooicv,
1136 4150 1169 4210 lit
1179 4150 1281 4208 mani-

175 4237 303 4312 i'estum3
332 4239 383 4297 vel
400 4242 472 4321 quia
490 4242 624 4299 Heraclii
644 4242 834 4321 imperatoris
856 4258 904 4300 res
925 4238 1076 4318 singulas,
1106 4254 1181 4317 ques
1195 4244 1281 4316 pust-

175 4340 269 4403 quem
284 4342 379 4404 reguo
399 4328 513 4406 potitus
532 4338 578 4387 est
602 4328 757 4407 praeclare
776 4328 888 4407 gessit,
927 4328 1073 4404 attingere
1094 4340 1129 4381 ao
1147 4320 1281 4381 delibare
