<?xml version="1.0" encoding="UTF-8"?>
<!DOCTYPE html PUBLIC "-//W3C//DTD XHTML 1.0 Transitional//EN"
    "http://www.w3.org/TR/xhtml1/DTD/xhtml1-transitional.dtd">
<html xmlns="http://www.w3.org/1999/xhtml" xml:lang="en" lang="en">
 <head>
  <title>
</title>
<meta http-equiv="Content-Type" content="text/html;charset=utf-8" />
  <meta name='ocr-system' content='tesseract 3.04.00' />
  <meta name='ocr-capabilities' content='ocr_page ocr_carea ocr_par ocr_line ocrx_word'/>
</head>
<body>
  <div class='ocr_page' id='page_1' title='image "./corpusscriptoru37niebgoog_0541.png"; bbox 0 0 3000 4850; ppageno 0'>
   <div class='ocr_carea' id='block_1_1' title="bbox 427 270 1247 356">
    <p class='ocr_par' dir='ltr' id='par_1_1' title="bbox 427 270 1247 356">
     <span class='ocr_line' id='line_1_1' title="bbox 427 270 1247 356; baseline 0.006 -15"><span class='ocrx_word' id='word_1_1' title='bbox 427 272 483 341; x_wconf 80' lang='lat' dir='ltr'><strong>dli</strong></span> <span class='ocrx_word' id='word_1_2' title='bbox 507 270 791 342; x_wconf 79' lang='lat' dir='ltr'><strong>ntcnrnottntt</strong></span> <span class='ocrx_word' id='word_1_3' title='bbox 812 270 968 344; x_wconf 76' lang='lat' dir='ltr'><strong>nomn.</strong></span> <span class='ocrx_word' id='word_1_4' title='bbox 1082 323 1096 356; x_wconf 82' lang='grc'><strong>.</strong></span> <span class='ocrx_word' id='word_1_5' title='bbox 1144 274 1247 346; x_wconf 69' lang='lat' dir='ltr'><strong>tat</strong></span> 
     </span>
    </p>
   </div>
   <div class='ocr_carea' id='block_1_2' title="bbox 150 433 1414 4364">
    <p class='ocr_par' dir='ltr' id='par_1_2' title="bbox 150 433 1250 693">
     <span class='ocr_line' id='line_1_2' title="bbox 151 433 1249 521; baseline 0.001 -20"><span class='ocrx_word' id='word_1_6' title='bbox 151 458 220 501; x_wconf 86' lang='lat' dir='ltr'><strong>rum</strong></span> <span class='ocrx_word' id='word_1_7' title='bbox 234 434 334 501; x_wconf 85' lang='lat' dir='ltr'><strong>hiatus</strong></span> <span class='ocrx_word' id='word_1_8' title='bbox 347 448 404 501; x_wconf 88' lang='lat' dir='ltr'><strong>est.</strong></span> <span class='ocrx_word' id='word_1_9' title='bbox 435 456 529 521; x_wconf 88' lang='lat' dir='ltr'><strong>quare</strong></span> <span class='ocrx_word' id='word_1_10' title='bbox 544 436 685 499; x_wconf 87' lang='lat' dir='ltr'><strong>asterisco</strong></span> <span class='ocrx_word' id='word_1_11' title='bbox 699 435 868 499; x_wconf 89' lang='lat' dir='ltr'><strong>notandum</strong></span> <span class='ocrx_word' id='word_1_12' title='bbox 880 433 963 497; x_wconf 91' lang='lat' dir='ltr'><strong>huno</strong></span> <span class='ocrx_word' id='word_1_13' title='bbox 974 438 1077 499; x_wconf 85' lang='lat' dir='ltr'><strong>locmn</strong></span> <span class='ocrx_word' id='word_1_14' title='bbox 1090 439 1249 502; x_wconf 75' lang='lat' dir='ltr'><strong>existimor</strong></span> 
     </span>
     <span class='ocr_line' id='line_1_3' title="bbox 150 521 1250 609; baseline 0 -22"><span class='ocrx_word' id='word_1_15' title='bbox 150 546 251 609; x_wconf 85' lang='lat' dir='ltr'><strong>usqne</strong></span> <span class='ocrx_word' id='word_1_16' title='bbox 262 528 344 587; x_wconf 89' lang='lat' dir='ltr'><strong>enirn</strong></span> <span class='ocrx_word' id='word_1_17' title='bbox 355 525 431 586; x_wconf 87' lang='lat' dir='ltr'><strong>adeo</strong></span> <span class='ocrx_word' id='word_1_18' title='bbox 441 527 583 605; x_wconf 87' lang='lat' dir='ltr'><strong>supinum</strong></span> <span class='ocrx_word' id='word_1_19' title='bbox 596 524 690 584; x_wconf 75' lang='lat' dir='ltr'><strong>finisse</strong></span> <span class='ocrx_word' id='word_1_20' title='bbox 702 521 907 605; x_wconf 85' lang='lat' dir='ltr'><strong>Nicephorum</strong></span> <span class='ocrx_word' id='word_1_21' title='bbox 919 524 1047 584; x_wconf 91' lang='lat' dir='ltr'><strong>arbitror</strong></span> <span class='ocrx_word' id='word_1_22' title='bbox 1056 534 1092 585; x_wconf 94' lang='lat' dir='ltr'><strong>ut</strong></span> <span class='ocrx_word' id='word_1_23' title='bbox 1101 545 1250 587; x_wconf 87' lang='lat' dir='ltr'><strong>annorum</strong></span> 
     </span>
     <span class='ocr_line' id='line_1_4' title="bbox 151 608 821 693; baseline -0.007 -19"><span class='ocrx_word' id='word_1_24' title='bbox 151 614 194 680; x_wconf 80' lang='lat'><strong>27</strong></span> <span class='ocrx_word' id='word_1_25' title='bbox 208 631 256 673; x_wconf 90' lang='lat' dir='ltr'><strong>res</strong></span> <span class='ocrx_word' id='word_1_26' title='bbox 270 623 369 693; x_wconf 83' lang='lat' dir='ltr'><strong>gestas</strong></span> <span class='ocrx_word' id='word_1_27' title='bbox 385 630 425 671; x_wconf 90' lang='lat' dir='ltr'><strong>ue</strong></span> <span class='ocrx_word' id='word_1_28' title='bbox 439 611 526 670; x_wconf 87' lang='lat' dir='ltr'><strong>litera</strong></span> <span class='ocrx_word' id='word_1_29' title='bbox 541 608 664 692; x_wconf 87' lang='lat' dir='ltr'><strong>quidem</strong></span> <span class='ocrx_word' id='word_1_30' title='bbox 679 611 821 693; x_wconf 83' lang='lat' dir='ltr'><strong>attigerit.</strong></span> 
     </span>
    </p>

    <p class='ocr_par' dir='ltr' id='par_1_3' title="bbox 152 688 1258 1185">
     <span class='ocr_line' id='line_1_5' title="bbox 236 688 1256 777; baseline -0.004 -14"><span class='ocrx_word' id='word_1_31' title='bbox 236 716 268 777; x_wconf 79' lang='lat' dir='ltr'><strong>p·</strong></span> <span class='ocrx_word' id='word_1_32' title='bbox 283 700 325 763; x_wconf 76' lang='lat'><strong>86</strong></span> <span class='ocrx_word' id='word_1_33' title='bbox 338 718 369 757; x_wconf 75' lang='lat' dir='ltr'><strong>v.</strong></span> <span class='ocrx_word' id='word_1_34' title='bbox 386 698 437 763; x_wconf 76' lang='lat'><strong>17.</strong></span> <span class='ocrx_word' id='word_1_35' title='bbox 457 696 510 761; x_wconf 80' lang='lat' dir='ltr'><strong>sul</strong></span> <span class='ocrx_word' id='word_1_36' title='bbox 521 690 631 759; x_wconf 73' lang='lat' dir='ltr'><strong>carison</strong></span> <span class='ocrx_word' id='word_1_37' title='bbox 644 688 834 777; x_wconf 76' lang='grc' dir='ltr'><strong><em>άρξαμδααα]</em></strong></span> <span class='ocrx_word' id='word_1_38' title='bbox 854 694 1067 755; x_wconf 66' lang='lat' dir='ltr'><strong>Constantinus</strong></span> <span class='ocrx_word' id='word_1_39' title='bbox 1081 698 1256 777; x_wconf 81' lang='lat' dir='ltr'><strong>Pogonatus</strong></span> 
     </span>
     <span class='ocr_line' id='line_1_6' title="bbox 153 780 1256 862; baseline -0.003 -17"><span class='ocrx_word' id='word_1_40' title='bbox 153 782 347 845; x_wconf 87' lang='lat' dir='ltr'><strong>Constantem</strong></span> <span class='ocrx_word' id='word_1_41' title='bbox 358 783 482 862; x_wconf 82' lang='lat' dir='ltr'><strong>excipit.</strong></span> <span class='ocrx_word' id='word_1_42' title='bbox 504 783 589 841; x_wconf 89' lang='lat' dir='ltr'><strong>onius</strong></span> <span class='ocrx_word' id='word_1_43' title='bbox 603 782 790 861; x_wconf 71' lang='lat' dir='ltr'>temporibus</span> <span class='ocrx_word' id='word_1_44' title='bbox 803 780 947 841; x_wconf 79' lang='lat' dir='ltr'><strong>Saraceni</strong></span> <span class='ocrx_word' id='word_1_45' title='bbox 958 780 1093 839; x_wconf 81' lang='lat' dir='ltr'><strong>Africam</strong></span> <span class='ocrx_word' id='word_1_46' title='bbox 1105 793 1136 842; x_wconf 88' lang='lat' dir='ltr'><strong>st</strong></span> <span class='ocrx_word' id='word_1_47' title='bbox 1147 785 1256 842; x_wconf 84' lang='lat' dir='ltr'><strong>Orien-</strong></span> 
     </span>
     <span class='ocr_line' id='line_1_7' title="bbox 153 862 1257 949; baseline -0.001 -21"><span class='ocrx_word' id='word_1_48' title='bbox 153 879 218 929; x_wconf 90' lang='lat' dir='ltr'><strong>tem</strong></span> <span class='ocrx_word' id='word_1_49' title='bbox 230 877 360 927; x_wconf 81' lang='lat' dir='ltr'><strong>rerunt.</strong></span> <span class='ocrx_word' id='word_1_50' title='bbox 401 886 501 949; x_wconf 87' lang='lat' dir='ltr'><strong>neque</strong></span> <span class='ocrx_word' id='word_1_51' title='bbox 520 876 624 926; x_wconf 90' lang='lat' dir='ltr'><strong>tamen</strong></span> <span class='ocrx_word' id='word_1_52' title='bbox 649 877 718 925; x_wconf 90' lang='lat' dir='ltr'><strong>ante</strong></span> <span class='ocrx_word' id='word_1_53' title='bbox 741 884 857 925; x_wconf 88' lang='lat' dir='ltr'><strong>annam</strong></span> <span class='ocrx_word' id='word_1_54' title='bbox 871 862 963 925; x_wconf 91' lang='lat' dir='ltr'><strong>huius</strong></span> <span class='ocrx_word' id='word_1_55' title='bbox 979 866 1100 945; x_wconf 88' lang='lat' dir='ltr'><strong>imperii</strong></span> <span class='ocrx_word' id='word_1_56' title='bbox 1115 870 1257 947; x_wconf 87' lang='lat' dir='ltr'><strong>quintum</strong></span> 
     </span>
     <span class='ocr_line' id='line_1_8' title="bbox 152 950 1257 1033; baseline -0.004 -18"><span class='ocrx_word' id='word_1_57' title='bbox 152 954 188 1015; x_wconf 89' lang='lat' dir='ltr'><strong>in</strong></span> <span class='ocrx_word' id='word_1_58' title='bbox 202 951 367 1013; x_wconf 81' lang='lat' dir='ltr'><strong>Thraciam</strong></span> <span class='ocrx_word' id='word_1_59' title='bbox 380 955 569 1033; x_wconf 82' lang='lat' dir='ltr'><strong>navigarunt.</strong></span> <span class='ocrx_word' id='word_1_60' title='bbox 597 970 658 1032; x_wconf 89' lang='lat' dir='ltr'><strong>qno</strong></span> <span class='ocrx_word' id='word_1_61' title='bbox 674 970 753 1011; x_wconf 87' lang='lat' dir='ltr'><strong>suno</strong></span> <span class='ocrx_word' id='word_1_62' title='bbox 770 952 809 1011; x_wconf 88' lang='lat' dir='ltr'><strong>ab</strong></span> <span class='ocrx_word' id='word_1_63' title='bbox 824 952 925 1031; x_wconf 82' lang='lat' dir='ltr'><strong>Aprili</strong></span> <span class='ocrx_word' id='word_1_64' title='bbox 938 970 1046 1010; x_wconf 88' lang='lat' dir='ltr'><strong>mense</strong></span> <span class='ocrx_word' id='word_1_65' title='bbox 1060 950 1100 1010; x_wconf 90' lang='lat' dir='ltr'><strong>ad</strong></span> <span class='ocrx_word' id='word_1_66' title='bbox 1115 954 1257 1032; x_wconf 82' lang='lat' dir='ltr'><strong>Septem-</strong></span> 
     </span>
     <span class='ocr_line' id='line_1_9' title="bbox 154 1036 1258 1121; baseline -0.002 -22"><span class='ocrx_word' id='word_1_67' title='bbox 154 1038 241 1099; x_wconf 89' lang='lat' dir='ltr'><strong>brem</strong></span> <span class='ocrx_word' id='word_1_68' title='bbox 252 1056 349 1121; x_wconf 86' lang='lat' dir='ltr'><strong>usque</strong></span> <span class='ocrx_word' id='word_1_69' title='bbox 364 1040 506 1099; x_wconf 90' lang='lat' dir='ltr'><strong>continno</strong></span> <span class='ocrx_word' id='word_1_70' title='bbox 518 1048 685 1119; x_wconf 79' lang='lat' dir='ltr'><strong>pugnatum</strong></span> <span class='ocrx_word' id='word_1_71' title='bbox 698 1048 762 1115; x_wconf 89' lang='lat' dir='ltr'><strong>est,</strong></span> <span class='ocrx_word' id='word_1_72' title='bbox 790 1046 822 1097; x_wconf 89' lang='lat' dir='ltr'><strong>et</strong></span> <span class='ocrx_word' id='word_1_73' title='bbox 835 1047 922 1119; x_wconf 85' lang='lat' dir='ltr'><strong>cepta</strong></span> <span class='ocrx_word' id='word_1_74' title='bbox 935 1038 1046 1119; x_wconf 80' lang='lat' dir='ltr'><strong>Cyzico</strong></span> <span class='ocrx_word' id='word_1_75' title='bbox 1058 1036 1174 1097; x_wconf 88' lang='lat' dir='ltr'><strong>ibidem</strong></span> <span class='ocrx_word' id='word_1_76' title='bbox 1187 1036 1258 1097; x_wconf 91' lang='lat' dir='ltr'><strong>hie-</strong></span> 
     </span>
     <span class='ocr_line' id='line_1_10' title="bbox 153 1132 286 1185; baseline -0.023 0"><span class='ocrx_word' id='word_1_77' title='bbox 153 1132 286 1185; x_wconf 66' lang='lat' dir='ltr'><strong>mutuni-</strong></span> 
     </span>
    </p>

    <p class='ocr_par' dir='ltr' id='par_1_4' title="bbox 155 1198 1393 2742">
     <span class='ocr_line' id='line_1_11' title="bbox 239 1198 1256 1290; baseline -0.005 -15"><span class='ocrx_word' id='word_1_78' title='bbox 239 1228 271 1289; x_wconf 68' lang='grc' dir='ltr'><strong>ς).</strong></span> <span class='ocrx_word' id='word_1_79' title='bbox 283 1210 323 1275; x_wconf 83' lang='grc'><strong>87</strong></span> <span class='ocrx_word' id='word_1_80' title='bbox 336 1226 366 1267; x_wconf 80' lang='lat' dir='ltr'><strong>v.</strong></span> <span class='ocrx_word' id='word_1_81' title='bbox 381 1210 414 1273; x_wconf 81' lang='lat'><strong>6.</strong></span> <span class='ocrx_word' id='word_1_82' title='bbox 456 1202 530 1271; x_wconf 71' lang='lat' dir='ltr'><strong>teet</strong></span> <span class='ocrx_word' id='word_1_83' title='bbox 546 1198 605 1273; x_wconf 78' lang='lat' dir='ltr'><strong>oric</strong></span> <span class='ocrx_word' id='word_1_84' title='bbox 617 1205 706 1290; x_wconf 80' lang='grc' dir='ltr'><strong><em>διεαι]</em></strong></span> <span class='ocrx_word' id='word_1_85' title='bbox 722 1208 826 1268; x_wconf 86' lang='lat' dir='ltr'><strong>scribit</strong></span> <span class='ocrx_word' id='word_1_86' title='bbox 833 1202 1086 1289; x_wconf 85' lang='lat' dir='ltr'><strong>Theophanes·et</strong></span> <span class='ocrx_word' id='word_1_87' title='bbox 1100 1207 1256 1270; x_wconf 86' lang='lat' dir='ltr'><strong>Cedranns</strong></span> 
     </span>
     <span class='ocr_line' id='line_1_12' title="bbox 155 1292 1256 1377; baseline -0.001 -21"><span class='ocrx_word' id='word_1_88' title='bbox 155 1314 186 1355; x_wconf 85' lang='lat' dir='ltr'><strong>a.</strong></span> <span class='ocrx_word' id='word_1_89' title='bbox 198 1294 388 1356; x_wconf 71' lang='lat' dir='ltr'><strong>Constantini</strong></span> <span class='ocrx_word' id='word_1_90' title='bbox 401 1295 422 1359; x_wconf 82' lang='lat'><strong>9</strong></span> <span class='ocrx_word' id='word_1_91' title='bbox 434 1292 596 1355; x_wconf 80' lang='lat' dir='ltr'><strong>Mardsitas</strong></span> <span class='ocrx_word' id='word_1_92' title='bbox 609 1294 762 1355; x_wconf 74' lang='lat' dir='ltr'><strong>Libanum</strong></span> <span class='ocrx_word' id='word_1_93' title='bbox 775 1303 912 1353; x_wconf 87' lang='lat' dir='ltr'><strong>montem</strong></span> <span class='ocrx_word' id='word_1_94' title='bbox 927 1312 1099 1377; x_wconf 86' lang='lat' dir='ltr'><strong>occupasse,</strong></span> <span class='ocrx_word' id='word_1_95' title='bbox 1119 1305 1256 1355; x_wconf 89' lang='lat' dir='ltr'><strong>tantam-</strong></span> 
     </span>
     <span class='ocr_line' id='line_1_13' title="bbox 155 1378 1393 1470; baseline -0.001 -30"><span class='ocrx_word' id='word_1_96' title='bbox 155 1398 217 1464; x_wconf 83' lang='lat' dir='ltr'><strong>que</strong></span> <span class='ocrx_word' id='word_1_97' title='bbox 238 1380 373 1440; x_wconf 75' lang='lat' dir='ltr'><strong>barbarIs</strong></span> <span class='ocrx_word' id='word_1_98' title='bbox 391 1378 530 1441; x_wconf 87' lang='lat' dir='ltr'><strong>iniecisse</strong></span> <span class='ocrx_word' id='word_1_99' title='bbox 549 1390 694 1439; x_wconf 77' lang='lat' dir='ltr'><strong>terrorem</strong></span> <span class='ocrx_word' id='word_1_100' title='bbox 705 1390 740 1439; x_wconf 88' lang='lat' dir='ltr'><strong>ut</strong></span> <span class='ocrx_word' id='word_1_101' title='bbox 755 1397 863 1460; x_wconf 88' lang='lat' dir='ltr'><strong>pacem</strong></span> <span class='ocrx_word' id='word_1_102' title='bbox 874 1380 956 1439; x_wconf 88' lang='lat' dir='ltr'><strong>illico</strong></span> <span class='ocrx_word' id='word_1_103' title='bbox 969 1400 988 1438; x_wconf 87' lang='lat' dir='ltr'><strong>a</strong></span> <span class='ocrx_word' id='word_1_104' title='bbox 999 1379 1144 1440; x_wconf 80' lang='lat' dir='ltr'><strong>Romanis</strong></span> <span class='ocrx_word' id='word_1_105' title='bbox 1157 1382 1257 1461; x_wconf 86' lang='lat' dir='ltr'><strong>petie-</strong></span> <span class='ocrx_word' id='word_1_106' title='bbox 1332 1441 1344 1470; x_wconf 58' lang='lat'><strong>·</strong></span> <span class='ocrx_word' id='word_1_107' title='bbox 1389 1446 1393 1453; x_wconf 30' lang='lat'><strong>¹</strong></span> 
     </span>
     <span class='ocr_line' id='line_1_14' title="bbox 156 1463 1256 1546; baseline 0 -20"><span class='ocrx_word' id='word_1_108' title='bbox 156 1468 228 1526; x_wconf 88' lang='lat' dir='ltr'><strong>sint.</strong></span> <span class='ocrx_word' id='word_1_109' title='bbox 276 1467 338 1524; x_wconf 90' lang='lat' dir='ltr'><strong>iam</strong></span> <span class='ocrx_word' id='word_1_110' title='bbox 358 1463 479 1546; x_wconf 78' lang='lat' dir='ltr'><strong>quodi</strong></span> <span class='ocrx_word' id='word_1_111' title='bbox 497 1474 575 1525; x_wconf 84' lang='lat' dir='ltr'><strong>totos</strong></span> <span class='ocrx_word' id='word_1_112' title='bbox 592 1484 687 1525; x_wconf 88' lang='lat' dir='ltr'><strong>annos</strong></span> <span class='ocrx_word' id='word_1_113' title='bbox 705 1463 757 1523; x_wconf 91' lang='lat' dir='ltr'><strong>hio</strong></span> <span class='ocrx_word' id='word_1_114' title='bbox 772 1474 875 1524; x_wconf 89' lang='lat' dir='ltr'><strong>noster</strong></span> <span class='ocrx_word' id='word_1_115' title='bbox 893 1466 993 1524; x_wconf 84' lang='lat' dir='ltr'><strong>innuit</strong></span> <span class='ocrx_word' id='word_1_116' title='bbox 1013 1466 1168 1526; x_wconf 89' lang='lat' dir='ltr'><strong>obsessam</strong></span> <span class='ocrx_word' id='word_1_117' title='bbox 1188 1486 1256 1527; x_wconf 86' lang='lat' dir='ltr'><strong>esse</strong></span> 
     </span>
     <span class='ocr_line' id='line_1_15' title="bbox 156 1546 1348 1632; baseline 0.002 -21"><span class='ocrx_word' id='word_1_118' title='bbox 156 1550 286 1632; x_wconf 65' lang='lat' dir='ltr'><strong>Cpolim</strong></span> <span class='ocrx_word' id='word_1_119' title='bbox 298 1548 381 1609; x_wconf 91' lang='lat' dir='ltr'><strong>idem</strong></span> <span class='ocrx_word' id='word_1_120' title='bbox 392 1546 591 1611; x_wconf 80' lang='lat' dir='ltr'><strong>Cedrenus&#39;ao</strong></span> <span class='ocrx_word' id='word_1_121' title='bbox 601 1548 806 1631; x_wconf 84' lang='lat' dir='ltr'><strong>Theophanes</strong></span> <span class='ocrx_word' id='word_1_122' title='bbox 819 1550 967 1608; x_wconf 80' lang='lat' dir='ltr'><strong>affirmare</strong></span> <span class='ocrx_word' id='word_1_123' title='bbox 979 1548 1130 1610; x_wconf 81' lang='lat' dir='ltr'><strong>videntur.</strong></span> <span class='ocrx_word' id='word_1_124' title='bbox 1151 1570 1258 1613; x_wconf 81' lang='lat' dir='ltr'><strong>verum</strong></span> <span class='ocrx_word' id='word_1_125' title='bbox 1271 1556 1295 1611; x_wconf 77' lang='grc' dir='ltr'>Ρ</span> <span class='ocrx_word' id='word_1_126' title='bbox 1310 1555 1348 1613; x_wconf 80' lang='lat' dir='ltr'><strong>ts</strong></span> 
     </span>
     <span class='ocr_line' id='line_1_16' title="bbox 156 1633 1257 1715; baseline -0.001 -19"><span class='ocrx_word' id='word_1_127' title='bbox 156 1636 214 1697; x_wconf 90' lang='lat' dir='ltr'><strong>sub</strong></span> <span class='ocrx_word' id='word_1_128' title='bbox 232 1638 296 1696; x_wconf 89' lang='lat' dir='ltr'><strong>eius</strong></span> <span class='ocrx_word' id='word_1_129' title='bbox 312 1638 439 1715; x_wconf 90' lang='lat' dir='ltr'><strong>imperio</strong></span> <span class='ocrx_word' id='word_1_130' title='bbox 453 1636 639 1696; x_wconf 65' lang='lat' dir='ltr'><strong>Constantini</strong></span> <span class='ocrx_word' id='word_1_131' title='bbox 658 1656 719 1694; x_wconf 90' lang='lat' dir='ltr'><strong>non</strong></span> <span class='ocrx_word' id='word_1_132' title='bbox 733 1638 794 1696; x_wconf 90' lang='lat' dir='ltr'><strong>nisi</strong></span> <span class='ocrx_word' id='word_1_133' title='bbox 812 1653 891 1693; x_wconf 91' lang='lat' dir='ltr'><strong>anno</strong></span> <span class='ocrx_word' id='word_1_134' title='bbox 906 1635 973 1698; x_wconf 69' lang='lat' dir='ltr'><strong>bin</strong></span> <span class='ocrx_word' id='word_1_135' title='bbox 987 1633 1151 1696; x_wconf 89' lang='lat' dir='ltr'><strong>Thraciam</strong></span> <span class='ocrx_word' id='word_1_136' title='bbox 1163 1635 1257 1697; x_wconf 88' lang='lat' dir='ltr'><strong>delati</strong></span> 
     </span>
     <span class='ocr_line' id='line_1_17' title="bbox 157 1716 1258 1803; baseline -0.002 -20"><span class='ocrx_word' id='word_1_137' title='bbox 157 1730 246 1798; x_wconf 90' lang='lat' dir='ltr'><strong>sunt,</strong></span> <span class='ocrx_word' id='word_1_138' title='bbox 273 1719 440 1803; x_wconf 65' lang='lat' dir='ltr'><strong>eodemne</strong></span> <span class='ocrx_word' id='word_1_139' title='bbox 462 1738 541 1781; x_wconf 88' lang='lat' dir='ltr'><strong>anuo</strong></span> <span class='ocrx_word' id='word_1_140' title='bbox 561 1721 732 1781; x_wconf 82' lang='lat' dir='ltr'><strong>conlectum</strong></span> <span class='ocrx_word' id='word_1_141' title='bbox 746 1730 793 1780; x_wconf 86' lang='lat' dir='ltr'><strong>est</strong></span> <span class='ocrx_word' id='word_1_142' title='bbox 808 1738 866 1799; x_wconf 87' lang='lat' dir='ltr'><strong>ope</strong></span> <span class='ocrx_word' id='word_1_143' title='bbox 879 1716 981 1778; x_wconf 72' lang='lat' dir='ltr'><strong>diuina</strong></span> <span class='ocrx_word' id='word_1_144' title='bbox 993 1720 1119 1780; x_wconf 91' lang='lat' dir='ltr'><strong>bellum.</strong></span> <span class='ocrx_word' id='word_1_145' title='bbox 1162 1742 1258 1803; x_wconf 85' lang='lat' dir='ltr'><strong>quare</strong></span> 
     </span>
     <span class='ocr_line' id='line_1_18' title="bbox 158 1804 1258 1888; baseline -0.001 -22"><span class='ocrx_word' id='word_1_146' title='bbox 158 1826 229 1867; x_wconf 89' lang='lat' dir='ltr'><strong>cum</strong></span> <span class='ocrx_word' id='word_1_147' title='bbox 243 1808 383 1886; x_wconf 85' lang='lat' dir='ltr'><strong>ambigue</strong></span> <span class='ocrx_word' id='word_1_148' title='bbox 397 1806 560 1887; x_wconf 87' lang='lat' dir='ltr'><strong>loquantur</strong></span> <span class='ocrx_word' id='word_1_149' title='bbox 573 1807 637 1883; x_wconf 89' lang='lat' dir='ltr'><strong>illi,</strong></span> <span class='ocrx_word' id='word_1_150' title='bbox 659 1804 698 1865; x_wconf 89' lang='lat' dir='ltr'><strong>de</strong></span> <span class='ocrx_word' id='word_1_151' title='bbox 714 1815 779 1865; x_wconf 88' lang='lat' dir='ltr'><strong>toto</strong></span> <span class='ocrx_word' id='word_1_152' title='bbox 794 1804 868 1864; x_wconf 91' lang='lat' dir='ltr'><strong>belli</strong></span> <span class='ocrx_word' id='word_1_153' title='bbox 883 1814 1038 1885; x_wconf 87' lang='lat' dir='ltr'><strong>tempore,</strong></span> <span class='ocrx_word' id='word_1_154' title='bbox 1067 1805 1258 1888; x_wconf 83' lang='lat' dir='ltr'><strong>quodetiam</strong></span> 
     </span>
     <span class='ocr_line' id='line_1_19' title="bbox 158 1894 1260 1971; baseline -0.002 -18"><span class='ocrx_word' id='word_1_155' title='bbox 158 1894 216 1953; x_wconf 90' lang='lat' dir='ltr'><strong>snb</strong></span> <span class='ocrx_word' id='word_1_156' title='bbox 230 1894 391 1953; x_wconf 76' lang='lat' dir='ltr'><strong>Constante</strong></span> <span class='ocrx_word' id='word_1_157' title='bbox 403 1902 522 1971; x_wconf 81' lang='lat' dir='ltr'><strong>gestum</strong></span> <span class='ocrx_word' id='word_1_158' title='bbox 536 1902 591 1967; x_wconf 86' lang='lat' dir='ltr'><strong>est,</strong></span> <span class='ocrx_word' id='word_1_159' title='bbox 612 1910 668 1971; x_wconf 91' lang='lat' dir='ltr'><strong>par</strong></span> <span class='ocrx_word' id='word_1_160' title='bbox 680 1902 725 1952; x_wconf 91' lang='lat' dir='ltr'><strong>est</strong></span> <span class='ocrx_word' id='word_1_161' title='bbox 739 1910 886 1949; x_wconf 89' lang='lat' dir='ltr'><strong>annorum</strong></span> <span class='ocrx_word' id='word_1_162' title='bbox 900 1908 1061 1951; x_wconf 88' lang='lat' dir='ltr'><strong>numerum</strong></span> <span class='ocrx_word' id='word_1_163' title='bbox 1075 1894 1180 1971; x_wconf 87' lang='lat' dir='ltr'><strong>accipi.</strong></span> <span class='ocrx_word' id='word_1_164' title='bbox 1210 1902 1260 1951; x_wconf 88' lang='lat' dir='ltr'><strong>et-</strong></span> 
     </span>
     <span class='ocr_line' id='line_1_20' title="bbox 160 1974 1260 2057; baseline -0.001 -19"><span class='ocrx_word' id='word_1_165' title='bbox 160 1980 243 2038; x_wconf 89' lang='lat' dir='ltr'><strong>enim</strong></span> <span class='ocrx_word' id='word_1_166' title='bbox 256 1997 285 2037; x_wconf 87' lang='lat' dir='ltr'><strong>a.</strong></span> <span class='ocrx_word' id='word_1_167' title='bbox 300 1980 365 2037; x_wconf 88' lang='lat' dir='ltr'><strong>eius</strong></span> <span class='ocrx_word' id='word_1_168' title='bbox 377 1980 418 2041; x_wconf 78' lang='lat'><strong>26</strong></span> <span class='ocrx_word' id='word_1_169' title='bbox 432 1975 654 2037; x_wconf 76' lang='lat' dir='ltr'><strong>Chalcedonam</strong></span> <span class='ocrx_word' id='word_1_170' title='bbox 670 1975 789 2057; x_wconf 78' lang='lat' dir='ltr'><strong>appulsi</strong></span> <span class='ocrx_word' id='word_1_171' title='bbox 802 1976 937 2034; x_wconf 88' lang='lat' dir='ltr'><strong>maxima</strong></span> <span class='ocrx_word' id='word_1_172' title='bbox 950 1974 1023 2034; x_wconf 89' lang='lat' dir='ltr'><strong>inde</strong></span> <span class='ocrx_word' id='word_1_173' title='bbox 1040 1974 1153 2057; x_wconf 90' lang='lat' dir='ltr'><strong>praeda</strong></span> <span class='ocrx_word' id='word_1_174' title='bbox 1169 1978 1260 2057; x_wconf 86' lang='lat' dir='ltr'><strong>potiti</strong></span> 
     </span>
     <span class='ocr_line' id='line_1_21' title="bbox 159 2061 1262 2143; baseline -0.003 -19"><span class='ocrx_word' id='word_1_175' title='bbox 159 2074 248 2139; x_wconf 88' lang='lat' dir='ltr'><strong>sunt,</strong></span> <span class='ocrx_word' id='word_1_176' title='bbox 276 2082 295 2121; x_wconf 90' lang='lat' dir='ltr'><strong>a</strong></span> <span class='ocrx_word' id='word_1_177' title='bbox 316 2082 376 2143; x_wconf 88' lang='lat' dir='ltr'><strong>qno</strong></span> <span class='ocrx_word' id='word_1_178' title='bbox 393 2072 529 2143; x_wconf 87' lang='lat' dir='ltr'><strong>tempore</strong></span> <span class='ocrx_word' id='word_1_179' title='bbox 543 2061 583 2121; x_wconf 91' lang='lat' dir='ltr'><strong>ad</strong></span> <span class='ocrx_word' id='word_1_180' title='bbox 597 2082 626 2122; x_wconf 92' lang='lat' dir='ltr'><strong>a.</strong></span> <span class='ocrx_word' id='word_1_181' title='bbox 641 2062 789 2141; x_wconf 82' lang='lat' dir='ltr'><strong>Pogonati</strong></span> <span class='ocrx_word' id='word_1_182' title='bbox 806 2063 946 2141; x_wconf 87' lang='lat' dir='ltr'><strong>quintum</strong></span> <span class='ocrx_word' id='word_1_183' title='bbox 961 2064 1033 2119; x_wconf 91' lang='lat' dir='ltr'><strong>anui</strong></span> <span class='ocrx_word' id='word_1_184' title='bbox 1046 2071 1117 2120; x_wconf 91' lang='lat' dir='ltr'><strong>sunt</strong></span> <span class='ocrx_word' id='word_1_185' title='bbox 1132 2065 1262 2142; x_wconf 86' lang='lat' dir='ltr'><strong>septeni.</strong></span> 
     </span>
     <span class='ocr_line' id='line_1_22' title="bbox 161 2144 1264 2230; baseline -0.003 -22"><span class='ocrx_word' id='word_1_186' title='bbox 161 2149 246 2230; x_wconf 80' lang='lat' dir='ltr'><strong>atqui</strong></span> <span class='ocrx_word' id='word_1_187' title='bbox 261 2149 354 2207; x_wconf 86' lang='lat' dir='ltr'><strong>etism</strong></span> <span class='ocrx_word' id='word_1_188' title='bbox 366 2167 395 2206; x_wconf 90' lang='lat' dir='ltr'><strong>a.</strong></span> <span class='ocrx_word' id='word_1_189' title='bbox 409 2148 579 2207; x_wconf 82' lang='lat' dir='ltr'><strong>Constantis</strong></span> <span class='ocrx_word' id='word_1_190' title='bbox 595 2152 634 2211; x_wconf 80' lang='lat'><strong>21</strong></span> <span class='ocrx_word' id='word_1_191' title='bbox 650 2158 680 2206; x_wconf 90' lang='lat' dir='ltr'><strong>et</strong></span> <span class='ocrx_word' id='word_1_192' title='bbox 692 2144 834 2226; x_wconf 72' lang='lat' dir='ltr'><strong>deinceps</strong></span> <span class='ocrx_word' id='word_1_193' title='bbox 847 2149 967 2225; x_wconf 87' lang='lat' dir='ltr'><strong>saepius</strong></span> <span class='ocrx_word' id='word_1_194' title='bbox 980 2148 1014 2204; x_wconf 91' lang='lat' dir='ltr'><strong>in</strong></span> <span class='ocrx_word' id='word_1_195' title='bbox 1026 2145 1191 2206; x_wconf 75' lang='lat' dir='ltr'><strong>Thraciam</strong></span> <span class='ocrx_word' id='word_1_196' title='bbox 1203 2168 1264 2206; x_wconf 87' lang='lat' dir='ltr'><strong>ns·</strong></span> 
     </span>
     <span class='ocr_line' id='line_1_23' title="bbox 160 2229 1264 2314; baseline -0.003 -20"><span class='ocrx_word' id='word_1_197' title='bbox 160 2236 312 2313; x_wconf 73' lang='lat' dir='ltr'><strong>rigarunt.</strong></span> <span class='ocrx_word' id='word_1_198' title='bbox 355 2252 427 2311; x_wconf 85' lang='lat' dir='ltr'><strong>ergo</strong></span> <span class='ocrx_word' id='word_1_199' title='bbox 441 2234 483 2292; x_wconf 90' lang='lat' dir='ltr'><strong>its</strong></span> <span class='ocrx_word' id='word_1_200' title='bbox 496 2234 621 2292; x_wconf 76' lang='lat' dir='ltr'><strong>forsitan</strong></span> <span class='ocrx_word' id='word_1_201' title='bbox 640 2229 848 2313; x_wconf 89' lang='lat' dir='ltr'><strong>componenda</strong></span> <span class='ocrx_word' id='word_1_202' title='bbox 862 2250 911 2290; x_wconf 90' lang='lat' dir='ltr'><strong>res</strong></span> <span class='ocrx_word' id='word_1_203' title='bbox 926 2242 988 2307; x_wconf 91' lang='lat' dir='ltr'><strong>est,</strong></span> <span class='ocrx_word' id='word_1_204' title='bbox 1010 2242 1059 2307; x_wconf 90' lang='lat' dir='ltr'><strong>nt,</strong></span> <span class='ocrx_word' id='word_1_205' title='bbox 1088 2250 1264 2314; x_wconf 83' lang='lat' dir='ltr'><strong>quanquam</strong></span> 
     </span>
     <span class='ocr_line' id='line_1_24' title="bbox 161 2318 1265 2401; baseline 0 -22"><span class='ocrx_word' id='word_1_206' title='bbox 161 2320 264 2401; x_wconf 85' lang='lat' dir='ltr'><strong>pluras</strong></span> <span class='ocrx_word' id='word_1_207' title='bbox 280 2338 375 2378; x_wconf 83' lang='lat' dir='ltr'><strong>annos</strong></span> <span class='ocrx_word' id='word_1_208' title='bbox 390 2318 506 2379; x_wconf 88' lang='lat' dir='ltr'><strong>bellum</strong></span> <span class='ocrx_word' id='word_1_209' title='bbox 520 2320 667 2395; x_wconf 88' lang='lat' dir='ltr'><strong>tennerit,</strong></span> <span class='ocrx_word' id='word_1_210' title='bbox 695 2328 799 2377; x_wconf 87' lang='lat' dir='ltr'><strong>tamen</strong></span> <span class='ocrx_word' id='word_1_211' title='bbox 812 2319 934 2376; x_wconf 88' lang='lat' dir='ltr'><strong>nonnisi</strong></span> <span class='ocrx_word' id='word_1_212' title='bbox 946 2319 1058 2399; x_wconf 88' lang='lat' dir='ltr'><strong>septies</strong></span> <span class='ocrx_word' id='word_1_213' title='bbox 1073 2319 1194 2397; x_wconf 89' lang='lat' dir='ltr'><strong>Cpolim</strong></span> <span class='ocrx_word' id='word_1_214' title='bbox 1208 2338 1265 2379; x_wconf 79' lang='lat' dir='ltr'><strong>ns·</strong></span> 
     </span>
     <span class='ocr_line' id='line_1_25' title="bbox 162 2400 1264 2488; baseline -0.001 -23"><span class='ocrx_word' id='word_1_215' title='bbox 162 2422 223 2488; x_wconf 86' lang='lat' dir='ltr'><strong>que</strong></span> <span class='ocrx_word' id='word_1_216' title='bbox 245 2400 451 2486; x_wconf 85' lang='lat' dir='ltr'><strong>populabundi</strong></span> <span class='ocrx_word' id='word_1_217' title='bbox 473 2405 673 2484; x_wconf 76' lang='lat' dir='ltr'><strong>pervenerint.</strong></span> <span class='ocrx_word' id='word_1_218' title='bbox 725 2404 854 2482; x_wconf 84' lang='lat' dir='ltr'><strong>insignis</strong></span> <span class='ocrx_word' id='word_1_219' title='bbox 879 2400 931 2462; x_wconf 92' lang='lat' dir='ltr'><strong>hio</strong></span> <span class='ocrx_word' id='word_1_220' title='bbox 955 2422 1052 2463; x_wconf 88' lang='lat' dir='ltr'><strong>annus</strong></span> <span class='ocrx_word' id='word_1_221' title='bbox 1074 2404 1264 2464; x_wconf 86' lang='lat' dir='ltr'><strong>Constantini</strong></span> 
     </span>
     <span class='ocr_line' id='line_1_26' title="bbox 162 2489 1264 2573; baseline 0 -24"><span class='ocrx_word' id='word_1_222' title='bbox 162 2491 285 2573; x_wconf 87' lang='lat' dir='ltr'><strong>quintus</strong></span> <span class='ocrx_word' id='word_1_223' title='bbox 296 2491 353 2549; x_wconf 82' lang='lat' dir='ltr'><strong>fuit</strong></span> <span class='ocrx_word' id='word_1_224' title='bbox 365 2491 513 2562; x_wconf 83' lang='lat' dir='ltr'><strong>Graeculi,</strong></span> <span class='ocrx_word' id='word_1_225' title='bbox 536 2501 570 2549; x_wconf 92' lang='lat' dir='ltr'><strong>ut</strong></span> <span class='ocrx_word' id='word_1_226' title='bbox 583 2499 701 2564; x_wconf 81' lang='lat' dir='ltr'><strong>vocant,</strong></span> <span class='ocrx_word' id='word_1_227' title='bbox 722 2491 803 2569; x_wconf 83' lang='lat' dir='ltr'><strong>ignis</strong></span> <span class='ocrx_word' id='word_1_228' title='bbox 815 2489 941 2548; x_wconf 80' lang='lat' dir='ltr'><strong>artifieio</strong></span> <span class='ocrx_word' id='word_1_229' title='bbox 951 2498 1019 2547; x_wconf 86' lang='lat' dir='ltr'><strong>tum</strong></span> <span class='ocrx_word' id='word_1_230' title='bbox 1035 2501 1162 2569; x_wconf 88' lang='lat' dir='ltr'><strong>reperto,</strong></span> <span class='ocrx_word' id='word_1_231' title='bbox 1177 2493 1264 2549; x_wconf 78' lang='lat' dir='ltr'><strong>ctrina</strong></span> 
     </span>
     <span class='ocr_line' id='line_1_27' title="bbox 163 2571 1264 2657; baseline -0.001 -22"><span class='ocrx_word' id='word_1_232' title='bbox 163 2585 315 2636; x_wconf 84' lang='lat' dir='ltr'><strong>auctorem</strong></span> <span class='ocrx_word' id='word_1_233' title='bbox 329 2573 489 2655; x_wconf 83' lang='lat' dir='ltr'><strong>perhibent</strong></span> <span class='ocrx_word' id='word_1_234' title='bbox 502 2577 681 2635; x_wconf 76' lang='lat' dir='ltr'><strong>Callinicum</strong></span> <span class='ocrx_word' id='word_1_235' title='bbox 696 2574 857 2656; x_wconf 85' lang='lat' dir='ltr'><strong>quendam,</strong></span> <span class='ocrx_word' id='word_1_236' title='bbox 880 2571 1076 2634; x_wconf 87' lang='lat' dir='ltr'><strong>architectum</strong></span> <span class='ocrx_word' id='word_1_237' title='bbox 1092 2577 1264 2657; x_wconf 85' lang='lat' dir='ltr'><strong>Heliopoli-</strong></span> 
     </span>
     <span class='ocr_line' id='line_1_28' title="bbox 162 2660 1090 2742; baseline -0.004 -20"><span class='ocrx_word' id='word_1_238' title='bbox 162 2671 268 2722; x_wconf 90' lang='lat' dir='ltr'><strong>tanum</strong></span> <span class='ocrx_word' id='word_1_239' title='bbox 281 2681 299 2718; x_wconf 91' lang='lat' dir='ltr'><strong>e</strong></span> <span class='ocrx_word' id='word_1_240' title='bbox 310 2661 416 2740; x_wconf 71' lang='lat' dir='ltr'><strong>Syria3</strong></span> <span class='ocrx_word' id='word_1_241' title='bbox 438 2679 499 2742; x_wconf 90' lang='lat' dir='ltr'><strong>quo</strong></span> <span class='ocrx_word' id='word_1_242' title='bbox 512 2663 702 2740; x_wconf 85' lang='lat' dir='ltr'><strong>potissimum</strong></span> <span class='ocrx_word' id='word_1_243' title='bbox 714 2661 832 2718; x_wconf 88' lang='lat' dir='ltr'><strong>barbari</strong></span> <span class='ocrx_word' id='word_1_244' title='bbox 847 2660 998 2740; x_wconf 84' lang='lat' dir='ltr'><strong>profligati</strong></span> <span class='ocrx_word' id='word_1_245' title='bbox 1009 2671 1090 2718; x_wconf 91' lang='lat' dir='ltr'><strong>sunt.</strong></span> 
     </span>
    </p>

    <p class='ocr_par' dir='ltr' id='par_1_5' title="bbox 162 2739 1265 3151">
     <span class='ocr_line' id='line_1_29' title="bbox 247 2739 1264 2826; baseline -0.009 -15"><span class='ocrx_word' id='word_1_246' title='bbox 247 2744 291 2804; x_wconf 68' lang='lat'><strong>1⁸1³·</strong></span> <span class='ocrx_word' id='word_1_247' title='bbox 315 2765 346 2804; x_wconf 79' lang='lat' dir='ltr'><strong>v·</strong></span> <span class='ocrx_word' id='word_1_248' title='bbox 368 2749 419 2810; x_wconf 90' lang='lat'><strong>10.</strong></span> <span class='ocrx_word' id='word_1_249' title='bbox 467 2743 545 2826; x_wconf 76' lang='grc' dir='ltr'><strong>πρὸς</strong></span> <span class='ocrx_word' id='word_1_250' title='bbox 564 2743 597 2808; x_wconf 82' lang='lat' dir='ltr'><strong>dl</strong></span> <span class='ocrx_word' id='word_1_251' title='bbox 613 2752 676 2820; x_wconf 83' lang='grc' dir='ltr'><strong><em>τοῖς</em></strong></span> <span class='ocrx_word' id='word_1_252' title='bbox 692 2739 872 2822; x_wconf 78' lang='grc' dir='ltr'><strong><em>πελάζουσι]</em></strong></span> <span class='ocrx_word' id='word_1_253' title='bbox 896 2746 1039 2823; x_wconf 85' lang='lat' dir='ltr'><strong>Sylaenm</strong></span> <span class='ocrx_word' id='word_1_254' title='bbox 1054 2746 1134 2802; x_wconf 87' lang='lat' dir='ltr'><strong>inter</strong></span> <span class='ocrx_word' id='word_1_255' title='bbox 1150 2745 1264 2823; x_wconf 77' lang='lat' dir='ltr'><strong>Lycias</strong></span> 
     </span>
     <span class='ocr_line' id='line_1_30' title="bbox 163 2827 1263 2910; baseline -0.003 -19"><span class='ocrx_word' id='word_1_256' title='bbox 163 2831 254 2891; x_wconf 85' lang='lat' dir='ltr'><strong>nrbes</strong></span> <span class='ocrx_word' id='word_1_257' title='bbox 274 2841 304 2890; x_wconf 89' lang='lat' dir='ltr'><strong>et</strong></span> <span class='ocrx_word' id='word_1_258' title='bbox 318 2827 516 2910; x_wconf 77' lang='lat' dir='ltr'><strong>Pamphyliae</strong></span> <span class='ocrx_word' id='word_1_259' title='bbox 536 2841 674 2890; x_wconf 78' lang='lat' dir='ltr'><strong>numerat</strong></span> <span class='ocrx_word' id='word_1_260' title='bbox 692 2831 904 2889; x_wconf 86' lang='lat' dir='ltr'><strong>Constantinus</strong></span> <span class='ocrx_word' id='word_1_261' title='bbox 922 2827 1111 2910; x_wconf 85' lang='lat' dir='ltr'><strong>Porphyrog.</strong></span> <span class='ocrx_word' id='word_1_262' title='bbox 1133 2829 1156 2888; x_wconf 93' lang='lat' dir='ltr'><strong>l.</strong></span> <span class='ocrx_word' id='word_1_263' title='bbox 1180 2831 1199 2892; x_wconf 98' lang='lat'>1</span> <span class='ocrx_word' id='word_1_264' title='bbox 1223 2828 1263 2888; x_wconf 94' lang='lat' dir='ltr'><strong>de</strong></span> 
     </span>
     <span class='ocr_line' id='line_1_31' title="bbox 162 2909 1264 2998; baseline 0.001 -22"><span class='ocrx_word' id='word_1_265' title='bbox 162 2914 277 2976; x_wconf 88' lang='lat' dir='ltr'><strong>Them.</strong></span> <span class='ocrx_word' id='word_1_266' title='bbox 290 2935 309 2974; x_wconf 88' lang='lat' dir='ltr'><strong>a</strong></span> <span class='ocrx_word' id='word_1_267' title='bbox 324 2915 469 2976; x_wconf 84' lang='lat' dir='ltr'><strong>Vulcania</strong></span> <span class='ocrx_word' id='word_1_268' title='bbox 480 2915 572 2976; x_wconf 88' lang='lat' dir='ltr'><strong>edito.</strong></span> <span class='ocrx_word' id='word_1_269' title='bbox 602 2911 794 2996; x_wconf 86' lang='lat' dir='ltr'><strong>Stephannst</strong></span> <span class='ocrx_word' id='word_1_270' title='bbox 814 2909 945 2976; x_wconf 79' lang='grc' dir='ltr'><strong><em>Σάλειαν</em></strong></span> <span class='ocrx_word' id='word_1_271' title='bbox 959 2911 1048 2988; x_wconf 79' lang='grc' dir='ltr'><strong><em>πόλις</em></strong></span> <span class='ocrx_word' id='word_1_272' title='bbox 1063 2915 1199 2998; x_wconf 70' lang='grc' dir='ltr'><strong><em>Φρυγίας</em></strong></span> <span class='ocrx_word' id='word_1_273' title='bbox 1211 2909 1264 2978; x_wconf 79' lang='grc' dir='ltr'><strong>διά</strong></span> 
     </span>
     <span class='ocr_line' id='line_1_32' title="bbox 164 2995 1265 3145; baseline -0.006 -80"><span class='ocrx_word' id='word_1_274' title='bbox 164 3005 220 3083; x_wconf 76' lang='grc' dir='ltr'><strong>τῆς</strong></span> <span class='ocrx_word' id='word_1_275' title='bbox 233 3023 261 3065; x_wconf 86' lang='grc' dir='ltr'><strong>ιι</strong></span> <span class='ocrx_word' id='word_1_276' title='bbox 267 2995 456 3145; x_wconf 37' lang='grc' dir='ltr'><strong>ιδιὲιςιὲλάῃιαα.</strong></span> <span class='ocrx_word' id='word_1_277' title='bbox 497 2997 577 3076; x_wconf 68' lang='grc' dir='ltr'><strong><em>τινὲς</em></strong></span> <span class='ocrx_word' id='word_1_278' title='bbox 590 2997 624 3066; x_wconf 82' lang='grc' dir='ltr'><strong>δδ</strong></span> <span class='ocrx_word' id='word_1_279' title='bbox 638 2999 833 3082; x_wconf 72' lang='grc' dir='ltr'><strong><em>Παμφυλίας.</em></strong></span> <span class='ocrx_word' id='word_1_280' title='bbox 873 2996 996 3059; x_wconf 80' lang='lat' dir='ltr'><strong>adverte</strong></span> <span class='ocrx_word' id='word_1_281' title='bbox 1008 3019 1064 3080; x_wconf 89' lang='lat' dir='ltr'><strong>per</strong></span> <span class='ocrx_word' id='word_1_282' title='bbox 1080 3020 1117 3076; x_wconf 82' lang='lat' dir='ltr'><strong>es,</strong></span> <span class='ocrx_word' id='word_1_283' title='bbox 1135 3019 1198 3060; x_wconf 89' lang='lat' dir='ltr'><strong>non</strong></span> <span class='ocrx_word' id='word_1_284' title='bbox 1208 3020 1265 3082; x_wconf 92' lang='lat' dir='ltr'><strong>per</strong></span> 
     </span>
     <span class='ocr_line' id='line_1_33' title="bbox 164 3106 411 3151; baseline -0.024 0"><span class='ocrx_word' id='word_1_285' title='bbox 164 3109 196 3151; x_wconf 89' lang='grc' dir='ltr'><strong><em>αι</em></strong></span> <span class='ocrx_word' id='word_1_286' title='bbox 210 3107 268 3148; x_wconf 85' lang='lat' dir='ltr'><strong>son</strong></span> <span class='ocrx_word' id='word_1_287' title='bbox 288 3107 305 3146; x_wconf 91' lang='lat' dir='ltr'><strong>e</strong></span> <span class='ocrx_word' id='word_1_288' title='bbox 348 3106 411 3146; x_wconf 88' lang='lat' dir='ltr'><strong>nm.</strong></span> 
     </span>
    </p>

    <p class='ocr_par' dir='ltr' id='par_1_6' title="bbox 165 3165 1274 3852">
     <span class='ocr_line' id='line_1_34' title="bbox 250 3165 1268 3250; baseline -0.003 -19"><span class='ocrx_word' id='word_1_289' title='bbox 250 3171 293 3231; x_wconf 84' lang='grc' dir='ltr'><strong><em>ι’δ.</em></strong></span> <span class='ocrx_word' id='word_1_290' title='bbox 316 3189 347 3230; x_wconf 78' lang='lat' dir='ltr'><strong>v.</strong></span> <span class='ocrx_word' id='word_1_291' title='bbox 369 3175 420 3236; x_wconf 82' lang='lat'><strong>12.</strong></span> <span class='ocrx_word' id='word_1_292' title='bbox 463 3167 483 3234; x_wconf 84' lang='lat' dir='ltr'><strong>tl</strong></span> <span class='ocrx_word' id='word_1_293' title='bbox 504 3165 539 3233; x_wconf 84' lang='lat' dir='ltr'><strong>dl</strong></span> <span class='ocrx_word' id='word_1_294' title='bbox 557 3171 618 3232; x_wconf 80' lang='lat' dir='ltr'><strong>suiv</strong></span> <span class='ocrx_word' id='word_1_295' title='bbox 638 3167 847 3250; x_wconf 78' lang='grc' dir='ltr'><strong><em>Σαραιιηναῖα]</em></strong></span> <span class='ocrx_word' id='word_1_296' title='bbox 876 3166 985 3227; x_wconf 87' lang='lat' dir='ltr'><strong>accidit</strong></span> <span class='ocrx_word' id='word_1_297' title='bbox 999 3165 1058 3229; x_wconf 93' lang='lat' dir='ltr'><strong>hoo</strong></span> <span class='ocrx_word' id='word_1_298' title='bbox 1074 3188 1102 3228; x_wconf 91' lang='lat' dir='ltr'><strong>a.</strong></span> <span class='ocrx_word' id='word_1_299' title='bbox 1117 3169 1268 3228; x_wconf 89' lang='lat' dir='ltr'><strong>Constan-</strong></span> 
     </span>
     <span class='ocr_line' id='line_1_35' title="bbox 166 3253 1268 3335; baseline -0.005 -17"><span class='ocrx_word' id='word_1_300' title='bbox 166 3259 223 3318; x_wconf 88' lang='lat' dir='ltr'><strong>tini</strong></span> <span class='ocrx_word' id='word_1_301' title='bbox 237 3261 269 3335; x_wconf 84' lang='lat'><strong>9,</strong></span> <span class='ocrx_word' id='word_1_302' title='bbox 291 3275 360 3317; x_wconf 85' lang='lat' dir='ltr'><strong>cunt</strong></span> <span class='ocrx_word' id='word_1_303' title='bbox 374 3257 517 3317; x_wconf 79' lang='lat' dir='ltr'><strong>Saraceni</strong></span> <span class='ocrx_word' id='word_1_304' title='bbox 531 3275 550 3314; x_wconf 89' lang='lat' dir='ltr'><strong>a</strong></span> <span class='ocrx_word' id='word_1_305' title='bbox 564 3253 721 3314; x_wconf 82' lang='lat' dir='ltr'><strong>Mardaitis</strong></span> <span class='ocrx_word' id='word_1_306' title='bbox 736 3257 846 3314; x_wconf 82' lang='lat' dir='ltr'><strong>Libani</strong></span> <span class='ocrx_word' id='word_1_307' title='bbox 860 3257 973 3314; x_wconf 88' lang='lat' dir='ltr'><strong>montis</strong></span> <span class='ocrx_word' id='word_1_308' title='bbox 987 3255 1184 3314; x_wconf 84' lang='lat' dir='ltr'><strong>insessoribus</strong></span> <span class='ocrx_word' id='word_1_309' title='bbox 1196 3275 1268 3334; x_wconf 84' lang='lat' dir='ltr'><strong>pre-</strong></span> 
     </span>
     <span class='ocr_line' id='line_1_36' title="bbox 165 3340 1268 3419; baseline -0.005 -17"><span class='ocrx_word' id='word_1_310' title='bbox 165 3353 329 3402; x_wconf 84' lang='lat' dir='ltr'><strong>merentur.</strong></span> <span class='ocrx_word' id='word_1_311' title='bbox 372 3340 427 3402; x_wconf 87' lang='lat' dir='ltr'><strong>sed</strong></span> <span class='ocrx_word' id='word_1_312' title='bbox 461 3340 524 3402; x_wconf 88' lang='lat' dir='ltr'><strong>nod</strong></span> <span class='ocrx_word' id='word_1_313' title='bbox 538 3340 577 3400; x_wconf 95' lang='lat' dir='ltr'><strong>ad</strong></span> <span class='ocrx_word' id='word_1_314' title='bbox 592 3341 697 3400; x_wconf 84' lang='lat' dir='ltr'><strong>tributi</strong></span> <span class='ocrx_word' id='word_1_315' title='bbox 711 3361 862 3400; x_wconf 88' lang='lat' dir='ltr'><strong>summam</strong></span> <span class='ocrx_word' id='word_1_316' title='bbox 880 3342 1019 3419; x_wconf 86' lang='lat' dir='ltr'><strong>pertinet,</strong></span> <span class='ocrx_word' id='word_1_317' title='bbox 1041 3341 1131 3418; x_wconf 86' lang='lat' dir='ltr'><strong>longe</strong></span> <span class='ocrx_word' id='word_1_318' title='bbox 1146 3359 1163 3396; x_wconf 86' lang='lat' dir='ltr'><strong>n</strong></span> <span class='ocrx_word' id='word_1_319' title='bbox 1176 3343 1268 3397; x_wconf 84' lang='lat' dir='ltr'><strong>Nice·</strong></span> 
     </span>
     <span class='ocr_line' id='line_1_37' title="bbox 166 3361 1269 3510; baseline 0.001 -24"><span class='ocrx_word' id='word_1_320' title='bbox 166 3426 262 3510; x_wconf 90' lang='lat' dir='ltr'><strong>phoro</strong></span> <span class='ocrx_word' id='word_1_321' title='bbox 278 3425 406 3488; x_wconf 83' lang='lat' dir='ltr'><strong>discedit</strong></span> <span class='ocrx_word' id='word_1_322' title='bbox 419 3361 642 3508; x_wconf 80' lang='lat' dir='ltr'><strong>Theophanes,</strong></span> <span class='ocrx_word' id='word_1_323' title='bbox 672 3424 746 3485; x_wconf 91' lang='lat' dir='ltr'><strong>dum</strong></span> <span class='ocrx_word' id='word_1_324' title='bbox 759 3428 802 3486; x_wconf 88' lang='lat' dir='ltr'><strong>ait</strong></span> <span class='ocrx_word' id='word_1_325' title='bbox 816 3425 967 3509; x_wconf 67' lang='grc' dir='ltr'><strong><em>ἔγγραφον</em></strong></span> <span class='ocrx_word' id='word_1_326' title='bbox 986 3423 1132 3506; x_wconf 73' lang='grc' dir='ltr'><strong><em>γενέσθαι</em></strong></span> <span class='ocrx_word' id='word_1_327' title='bbox 1145 3421 1269 3506; x_wconf 64' lang='lat' dir='ltr'><strong>eludent</strong></span> 
     </span>
     <span class='ocr_line' id='line_1_38' title="bbox 168 3504 1271 3595; baseline -0.005 -17"><span class='ocrx_word' id='word_1_328' title='bbox 168 3508 241 3594; x_wconf 61' lang='grc' dir='ltr'><strong>μηδ’</strong></span> <span class='ocrx_word' id='word_1_329' title='bbox 266 3509 360 3594; x_wconf 78' lang='grc' dir='ltr'><strong><em>ὅρκου</em></strong></span> <span class='ocrx_word' id='word_1_330' title='bbox 380 3509 471 3595; x_wconf 79' lang='grc' dir='ltr'><strong><em>λόγον</em></strong></span> <span class='ocrx_word' id='word_1_331' title='bbox 493 3512 543 3577; x_wconf 71' lang='lat' dir='ltr'><strong>tet</strong></span> <span class='ocrx_word' id='word_1_332' title='bbox 567 3504 735 3593; x_wconf 76' lang='grc' dir='ltr'><strong><em>ααμφάνου</em></strong></span> <span class='ocrx_word' id='word_1_333' title='bbox 757 3511 878 3592; x_wconf 57' lang='lat' dir='ltr'><strong>turum</strong></span> <span class='ocrx_word' id='word_1_334' title='bbox 899 3506 1018 3574; x_wconf 79' lang='grc' dir='ltr'><strong><em>αάαταα</em></strong></span> <span class='ocrx_word' id='word_1_335' title='bbox 1034 3508 1271 3594; x_wconf 68' lang='grc' dir='ltr'><strong><em>παρέχεσθαιτῇ</em></strong></span> 
     </span>
     <span class='ocr_line' id='line_1_39' title="bbox 165 3589 1274 3685; baseline -0.004 -25"><span class='ocrx_word' id='word_1_336' title='bbox 165 3597 315 3683; x_wconf 69' lang='grc' dir='ltr'><strong><em>Ῥωμαϊκῇ</em></strong></span> <span class='ocrx_word' id='word_1_337' title='bbox 336 3599 471 3685; x_wconf 71' lang='grc' dir='ltr'><strong>πολιτείᾳ</strong></span> <span class='ocrx_word' id='word_1_338' title='bbox 491 3593 575 3678; x_wconf 76' lang='grc' dir='ltr'><strong><em>παρά</em></strong></span> <span class='ocrx_word' id='word_1_339' title='bbox 592 3601 654 3659; x_wconf 79' lang='lat' dir='ltr'><strong>suiv</strong></span> <span class='ocrx_word' id='word_1_340' title='bbox 668 3589 844 3680; x_wconf 71' lang='grc' dir='ltr'><strong><em>Ἅγαρηαιδν</em></strong></span> <span class='ocrx_word' id='word_1_341' title='bbox 856 3598 972 3678; x_wconf 68' lang='grc' dir='ltr'><em>χρυσοῦ</em></span> <span class='ocrx_word' id='word_1_342' title='bbox 984 3592 1121 3676; x_wconf 80' lang='grc' dir='ltr'><strong><em>χιλιάδας</em></strong></span> <span class='ocrx_word' id='word_1_343' title='bbox 1133 3595 1199 3673; x_wconf 64' lang='lat' dir='ltr'><strong>stt,</strong></span> <span class='ocrx_word' id='word_1_344' title='bbox 1220 3593 1274 3658; x_wconf 71' lang='lat' dir='ltr'><strong>sui</strong></span> 
     </span>
     <span class='ocr_line' id='line_1_40' title="bbox 168 3673 1274 3764; baseline -0.005 -19"><span class='ocrx_word' id='word_1_345' title='bbox 168 3679 284 3764; x_wconf 71' lang='lat' dir='ltr'><strong>dodone</strong></span> <span class='ocrx_word' id='word_1_346' title='bbox 303 3676 508 3764; x_wconf 70' lang='grc' dir='ltr'><strong>αἰχμαλώτους</strong></span> <span class='ocrx_word' id='word_1_347' title='bbox 521 3677 543 3763; x_wconf 75' lang='grc' dir='ltr'><em>ἡ</em></span> <span class='ocrx_word' id='word_1_348' title='bbox 557 3676 711 3763; x_wconf 72' lang='grc' dir='ltr'><strong><em>χιλιάδας,</em></strong></span> <span class='ocrx_word' id='word_1_349' title='bbox 737 3682 792 3747; x_wconf 80' lang='lat' dir='ltr'><strong>sui</strong></span> <span class='ocrx_word' id='word_1_350' title='bbox 804 3683 921 3755; x_wconf 67' lang='grc' dir='ltr'><strong><em>ἵππους</em></strong></span> <span class='ocrx_word' id='word_1_351' title='bbox 933 3673 1065 3762; x_wconf 73' lang='grc' dir='ltr'><strong><em>ιάγινιῖς</em></strong></span> <span class='ocrx_word' id='word_1_352' title='bbox 1080 3675 1119 3745; x_wconf 83' lang='lat' dir='ltr'><strong>s&#39;.</strong></span> <span class='ocrx_word' id='word_1_353' title='bbox 1160 3683 1274 3741; x_wconf 88' lang='lat' dir='ltr'><strong>imma-</strong></span> 
     </span>
     <span class='ocr_line' id='line_1_41' title="bbox 169 3761 969 3852; baseline 0.003 -24"><span class='ocrx_word' id='word_1_354' title='bbox 169 3771 216 3828; x_wconf 85' lang='lat' dir='ltr'><strong>nis</strong></span> <span class='ocrx_word' id='word_1_355' title='bbox 231 3771 402 3850; x_wconf 89' lang='lat' dir='ltr'><strong>pensitatio.</strong></span> <span class='ocrx_word' id='word_1_356' title='bbox 446 3779 477 3828; x_wconf 89' lang='lat' dir='ltr'><strong>at</strong></span> <span class='ocrx_word' id='word_1_357' title='bbox 492 3766 645 3828; x_wconf 80' lang='lat' dir='ltr'><strong>Cedrenns</strong></span> <span class='ocrx_word' id='word_1_358' title='bbox 657 3768 784 3852; x_wconf 68' lang='lat' dir='ltr'><strong>wolon</strong></span> <span class='ocrx_word' id='word_1_359' title='bbox 798 3761 937 3849; x_wconf 68' lang='grc' dir='ltr'><strong><em>χιλιάδας</em></strong></span> <span class='ocrx_word' id='word_1_360' title='bbox 946 3766 969 3830; x_wconf 80' lang='lat' dir='ltr'><strong>l.</strong></span> 
     </span>
    </p>

    <p class='ocr_par' dir='ltr' id='par_1_7' title="bbox 170 3848 1414 4364">
     <span class='ocr_line' id='line_1_42' title="bbox 255 3848 1274 3935; baseline -0.011 -15"><span class='ocrx_word' id='word_1_361' title='bbox 255 3875 286 3934; x_wconf 83' lang='lat' dir='ltr'><strong>p·</strong></span> <span class='ocrx_word' id='word_1_362' title='bbox 299 3857 340 3920; x_wconf 79' lang='grc'><strong>88</strong></span> <span class='ocrx_word' id='word_1_363' title='bbox 353 3873 384 3912; x_wconf 78' lang='lat' dir='ltr'><strong>v·</strong></span> <span class='ocrx_word' id='word_1_364' title='bbox 399 3853 431 3920; x_wconf 81' lang='lat'><strong>5·</strong></span> <span class='ocrx_word' id='word_1_365' title='bbox 473 3852 544 3934; x_wconf 70' lang='lat' dir='ltr'><strong>sept</strong></span> <span class='ocrx_word' id='word_1_366' title='bbox 556 3848 613 3935; x_wconf 75' lang='grc' dir='ltr'><strong>τήν</strong></span> <span class='ocrx_word' id='word_1_367' title='bbox 628 3854 791 3933; x_wconf 75' lang='lat' dir='ltr'><strong>Moesicos]</strong></span> <span class='ocrx_word' id='word_1_368' title='bbox 812 3851 862 3912; x_wconf 89' lang='lat' dir='ltr'><strong>his</strong></span> <span class='ocrx_word' id='word_1_369' title='bbox 880 3852 984 3911; x_wconf 82' lang='lat' dir='ltr'><strong>affinis</strong></span> <span class='ocrx_word' id='word_1_370' title='bbox 997 3849 1036 3912; x_wconf 93' lang='lat' dir='ltr'><strong>de</strong></span> <span class='ocrx_word' id='word_1_371' title='bbox 1047 3851 1189 3931; x_wconf 75' lang='lat' dir='ltr'><strong>Bulgaris</strong></span> <span class='ocrx_word' id='word_1_372' title='bbox 1200 3869 1274 3910; x_wconf 83' lang='lat' dir='ltr'><strong>ner-</strong></span> 
     </span>
     <span class='ocr_line' id='line_1_43' title="bbox 170 3935 1414 4021; baseline -0.003 -23"><span class='ocrx_word' id='word_1_373' title='bbox 170 3949 216 3998; x_wconf 86' lang='lat' dir='ltr'><strong>rst</strong></span> <span class='ocrx_word' id='word_1_374' title='bbox 233 3937 438 4021; x_wconf 81' lang='lat' dir='ltr'><strong>Theophanes</strong></span> <span class='ocrx_word' id='word_1_375' title='bbox 457 3959 491 4020; x_wconf 90' lang='lat' dir='ltr'><strong>p.</strong></span> <span class='ocrx_word' id='word_1_376' title='bbox 513 3941 575 4004; x_wconf 79' lang='lat'><strong>296</strong></span> <span class='ocrx_word' id='word_1_377' title='bbox 584 3941 664 4004; x_wconf 84' lang='lat'><strong>-8.</strong></span> <span class='ocrx_word' id='word_1_378' title='bbox 707 3940 829 3998; x_wconf 89' lang='lat' dir='ltr'><strong>subiicit</strong></span> <span class='ocrx_word' id='word_1_379' title='bbox 848 3938 1037 3998; x_wconf 83' lang='lat' dir='ltr'><strong>Constantini</strong></span> <span class='ocrx_word' id='word_1_380' title='bbox 1056 3935 1201 3996; x_wconf 80' lang='lat' dir='ltr'><strong>adversus</strong></span> <span class='ocrx_word' id='word_1_381' title='bbox 1220 3954 1273 3995; x_wconf 90' lang='lat' dir='ltr'><strong>eos</strong></span> <span class='ocrx_word' id='word_1_382' title='bbox 1288 3948 1311 4003; x_wconf 72' lang='grc' dir='ltr'><strong>ι’</strong></span> <span class='ocrx_word' id='word_1_383' title='bbox 1328 3948 1365 4003; x_wconf 74' lang='grc'><strong>76</strong></span> <span class='ocrx_word' id='word_1_384' title='bbox 1402 3939 1414 3962; x_wconf 86' lang='lat'><strong><em>⁴</em></strong></span> 
     </span>
     <span class='ocr_line' id='line_1_44' title="bbox 172 4023 1273 4106; baseline -0.004 -22"><span class='ocrx_word' id='word_1_385' title='bbox 172 4023 409 4106; x_wconf 83' lang='lat' dir='ltr'><strong>expeditionem.</strong></span> <span class='ocrx_word' id='word_1_386' title='bbox 458 4023 549 4084; x_wconf 82' lang='lat' dir='ltr'><strong>httius</strong></span> <span class='ocrx_word' id='word_1_387' title='bbox 568 4025 760 4106; x_wconf 73' lang='grc' dir='ltr'><strong><em>ιιααειιβαλῆς</em></strong></span> <span class='ocrx_word' id='word_1_388' title='bbox 778 4023 919 4083; x_wconf 77' lang='lat' dir='ltr'><strong>butinam</strong></span> <span class='ocrx_word' id='word_1_389' title='bbox 935 4023 1212 4103; x_wconf 84' lang='lat' dir='ltr'><strong>interpretationem</strong></span> <span class='ocrx_word' id='word_1_390' title='bbox 1231 4040 1273 4080; x_wconf 82' lang='lat' dir='ltr'><strong>ex</strong></span> 
     </span>
     <span class='ocr_line' id='line_1_45' title="bbox 172 4105 1274 4192; baseline -0.005 -22"><span class='ocrx_word' id='word_1_391' title='bbox 172 4112 307 4170; x_wconf 82' lang='lat' dir='ltr'><strong>Miscella</strong></span> <span class='ocrx_word' id='word_1_392' title='bbox 321 4111 410 4170; x_wconf 81' lang='lat' dir='ltr'><strong>Pauli</strong></span> <span class='ocrx_word' id='word_1_393' title='bbox 420 4109 546 4171; x_wconf 87' lang='lat' dir='ltr'><strong>Diaconi</strong></span> <span class='ocrx_word' id='word_1_394' title='bbox 560 4121 662 4192; x_wconf 88' lang='lat' dir='ltr'><strong>petere</strong></span> <span class='ocrx_word' id='word_1_395' title='bbox 675 4112 776 4190; x_wconf 79' lang='lat' dir='ltr'><strong>quiris</strong></span> <span class='ocrx_word' id='word_1_396' title='bbox 789 4119 897 4190; x_wconf 87' lang='lat' dir='ltr'><strong>potest,</strong></span> <span class='ocrx_word' id='word_1_397' title='bbox 919 4111 972 4190; x_wconf 89' lang='lat' dir='ltr'><strong>qui</strong></span> <span class='ocrx_word' id='word_1_398' title='bbox 984 4111 1137 4190; x_wconf 85' lang='lat' dir='ltr'><strong>plerisque</strong></span> <span class='ocrx_word' id='word_1_399' title='bbox 1145 4107 1177 4164; x_wconf 91' lang='lat' dir='ltr'><strong>in</strong></span> <span class='ocrx_word' id='word_1_400' title='bbox 1188 4105 1274 4165; x_wconf 89' lang='lat' dir='ltr'><strong>libris</strong></span> 
     </span>
     <span class='ocr_line' id='line_1_46' title="bbox 171 4191 1275 4277; baseline -0.004 -23"><span class='ocrx_word' id='word_1_401' title='bbox 171 4194 393 4277; x_wconf 87' lang='lat' dir='ltr'><strong>Theophanem</strong></span> <span class='ocrx_word' id='word_1_402' title='bbox 408 4193 584 4255; x_wconf 81' lang='lat' dir='ltr'><strong>adverbum</strong></span> <span class='ocrx_word' id='word_1_403' title='bbox 598 4191 711 4271; x_wconf 84' lang='lat' dir='ltr'><strong>reddit,</strong></span> <span class='ocrx_word' id='word_1_404' title='bbox 732 4195 909 4277; x_wconf 85' lang='lat' dir='ltr'><strong>praesertim</strong></span> <span class='ocrx_word' id='word_1_405' title='bbox 923 4192 1155 4274; x_wconf 88' lang='lat' dir='ltr'><strong>posterioribus,</strong></span> <span class='ocrx_word' id='word_1_406' title='bbox 1182 4203 1219 4251; x_wconf 91' lang='lat' dir='ltr'><strong>ut</strong></span> <span class='ocrx_word' id='word_1_407' title='bbox 1233 4211 1275 4250; x_wconf 82' lang='lat' dir='ltr'><strong>ex</strong></span> 
     </span>
     <span class='ocr_line' id='line_1_47' title="bbox 171 4277 1275 4364; baseline -0.005 -22"><span class='ocrx_word' id='word_1_408' title='bbox 171 4283 301 4364; x_wconf 78' lang='lat' dir='ltr'><strong>itaquae</strong></span> <span class='ocrx_word' id='word_1_409' title='bbox 315 4283 444 4362; x_wconf 87' lang='lat' dir='ltr'><strong>sparsim</strong></span> <span class='ocrx_word' id='word_1_410' title='bbox 460 4282 676 4363; x_wconf 80' lang='lat' dir='ltr'><strong>exscripsimus</strong></span> <span class='ocrx_word' id='word_1_411' title='bbox 691 4291 828 4344; x_wconf 84' lang='lat' dir='ltr'><strong>constare</strong></span> <span class='ocrx_word' id='word_1_412' title='bbox 844 4289 954 4362; x_wconf 84' lang='lat' dir='ltr'><strong>potest.</strong></span> <span class='ocrx_word' id='word_1_413' title='bbox 996 4277 1231 4362; x_wconf 74' lang='lat' dir='ltr'><strong>comptioribus</strong></span> <span class='ocrx_word' id='word_1_414' title='bbox 1242 4279 1275 4337; x_wconf 90' lang='lat' dir='ltr'><strong>in</strong></span> 
     </span>
    </p>
   </div>
   <div class='ocr_carea' id='block_1_3' title="bbox 0 0 1526 4850">
    <p class='ocr_par' dir='ltr' id='par_1_8' title="bbox 0 0 1526 4850">
     <span class='ocr_line' id='line_1_48' title="bbox 0 0 1526 4850; baseline 0 0"><span class='ocrx_word' id='word_1_415' title='bbox 0 0 1526 4850; x_wconf 95' lang='lat' dir='ltr'><strong> </strong></span> 
     </span>
    </p>
   </div>
  </div>
 </body>
</html>
