3000 4850
267 304 319 383 84
704 303 766 372 DU
792 298 934 372 emon

269 483 437 537 ceteramnr
454 487 532 554 qnae
547 488 634 530 muro
650 469 808 546 orientali,
830 469 884 550 qui
902 463 986 528 aedie
1008 475 1178 548 postremus
1200 477 1262 545 eet,
1288 466 1375 528 edia-

269 571 357 636 cent‚
379 560 496 618 clausor
511 553 646 617 cardines
661 558 777 635 aperire
792 554 965 628 aedituum3
989 556 1061 634 quia
1074 553 1208 614 fortaeaie
1221 575 1275 614 eae
1291 565 1376 614 erant

269 656 395 728 portae,
428 661 505 724 quae
531 639 719 701 aedituorum
748 661 837 700 curae
862 639 1076 700 incumbebant
1097 659 1152 699 aru
1174 643 1374 700 ostiariorum.

268 751 342 792 nam
361 741 395 789 nt
410 739 455 788 eat
471 724 552 808 apud
568 726 719 787 isidorum
732 729 886 786 iuniorem
897 729 929 786 in
946 728 1032 806 epist.
1048 723 1088 783 ad
1103 725 1311 803 buitfredum‚
1334 726 1379 786 ud

269 817 427 877 ostiarium
441 815 595 892 pertinent
616 813 717 872 clover
739 813 894 885 ecclesiae,
916 823 951 870 ut
968 810 1096 869 oloredat
1117 822 1145 869 et
1161 815 1280 890 aperiat
1300 809 1378 871 tem-

261 901 354 982 plum
372 901 433 972 dei,
455 909 485 956 et
502 899 605 956 omnia
627 918 706 979 quae
729 909 802 958 eunt
819 901 901 958 ἰειιιιε
922 907 1063 977 exituque
1082 898 1251 971 custodiet,
1263 897 1378 973 fideles

267 989 408 1066 reciptet,
428 984 563 1060 infideles
579 993 609 1040 et
624 986 893 1044 excommunicator
906 985 1031 1042 reic'cr'at.
1077 981 1158 1041 unde
1172 986 1309 1063 autopat
1328 983 1378 1045 di-

269 1084 378 1134 cuntur
392 1074 424 1129 in
440 1070 568 1149 epistole
582 1087 660 1149 quae
673 1071 705 1131 S.
719 1073 837 1152 ignatio
852 1070 1002 1142 tribuitur,
1017 1067 1117 1126 etalio
1131 1069 1163 1129 S.
1173 1070 1305 1128 Cornelii
1313 1074 1376 1147 PP,

270 1178 348 1242 quae
366 1165 465 1215 exstat
483 1153 565 1234 opud
581 1155 746 1215 Eueebinm
763 1157 839 1215 iiiut.
853 1156 934 1214 liocl.
953 1158 973 1218 6
994 1153 1047 1218 ³5.
1090 1157 1229 1235 θυρωροί
1248 1157 1280 1214 in
1303 1177 1377 1215 con-

269 1245 339 1303 cilio
356 1239 479 1300 Laudic.
497 1258 563 1299 can.
580 1237 622 1303 84
640 1252 671 1300 et
686 1239 859 1322 Epiphanio
876 1243 909 1298 in
927 1241 1067 1319 Exposit.
1110 1237 1182 1299 fidei
1201 1239 1377 1320 catholicae,

270 1331 331 1388 niei
355 1347 410 1407 prr
433 1345 539 1385 vocem
561 1321 704 1408 νεοιιύμος
723 1327 911 1406 intelligatur
930 1324 1144 1400 subdiaconue,
1168 1328 1216 1385 cui
1233 1327 1377 1388 catechu-

270 1433 377 1473 menos
400 1422 429 1470 et
449 1412 638 1492 paenitenter
656 1413 690 1470 in
710 1413 869 1472 ecclesiam
890 1408 1078 1470 introducere
1095 1420 1180 1470 etex
1197 1432 1231 1471 ea
1249 1413 1378 1474 educere

270 1497 482 1572 incumbebat,
505 1515 546 1554 ex
562 1495 670 1556 eodem
686 1500 813 1558 concilio
828 1495 1016 1571 Laodiceno,
1038 1506 1073 1554 ut
1089 1515 1217 1557 canones
1235 1503 1276 1562 22
1290 1511 1319 1558 et
1336 1503 1377 1563 23

270 1586 505 1664 interpretantur
523 1583 656 1642 Zonaras
672 1594 703 1641 et
715 1584 893 1657 balsamon,
915 1579 1172 1662 quemadmodum
1191 1581 1308 1644 diaconi
1326 1605 1379 1644 aa·

271 1673 330 1729 cria
341 1670 468 1727 bematis
481 1667 595 1727 foribur
609 1679 769 1748 praeerant
781 1678 901 1728 auctore
913 1669 1059 1747 Dionysio
1073 1666 1111 1724 de
1120 1669 1294 1732 Eccleeiaat.
1302 1673 1379 1731 Hie·

272 1752 389 1816 rarcbia
405 1773 432 1813 c.
446 1751 477 1817 5.
519 1755 562 1812 ita
575 1755 668 1834 igitur
683 1753 873 1814 Silentiuriue
887 1757 998 1833 parti
1014 1771 1043 1810 v.
1059 1751 1117 1817 25:

852 1844 915 1901 τοῖν
928 1861 962 1918 γε
975 1833 1030 1918 μὲν
1043 1835 1143 1900 ἄλλων

437 1916 587 2002 mordeor
599 1915 757 2011 ucidppcr
768 1917 921 2005 μεμυκότα
935 1919 1048 2004 θιιρόν
1060 1915 1174 2003 ύνολγιε

437 2005 577 2087 ἑσπέριον
591 2008 662 2089 περὶ
674 2017 791 2090 τοῖχον,
814 2005 846 2081 ὃς
860 2003 989 2082 ύσεατύς
1007 2007 1068 2070 ἔστι
1081 2002 1244 2087 μελάθρου.

273 2113 364 2176 porro
376 2093 514 2174 pluribus
525 2097 619 2172 portia
629 2097 762 2178 patnieee
773 2091 896 2154 aedium
904 2112 1057 2155 sacrarum
1068 2091 1166 2153 editur
1177 2093 1276 2158 innuit
1288 2097 1380 2156 etiarn

272 2181 419 2240 Paulinus
437 2179 506 2238 Nat.
523 2180 562 2241 9:

687 2260 864 2342 gaudetque
869 2263 935 2341 piis
946 2283 1004 2322 aua
1019 2265 1136 2323 menia
1150 2266 1234 2324 vinei

440 2344 584 2416 ccetrbua,
604 2355 696 2427 atque
706 2346 828 2426 amplae
838 2349 965 2429 populis
980 2349 1187 2429 rumpentibus
1198 2351 1289 2412 αιιλειε

440 2430 542 2489 laxari
555 2432 664 2492 ᾰειιεαε
679 2454 837 2492 numanae
846 2456 906 2513 per
919 2438 996 2494 ceeia
1011 2435 1124 2495 turbae.

273 2510 361 2574 addit
381 2514 500 2595 Gyiiiua
520 2520 690 2576 maximnm
711 2516 857 2598 Sopbiani
878 2522 984 2601 templi
1001 2520 1117 2580 aditum
1134 2522 1171 2581 ab
1190 2542 1298 2582 occasu
1315 2542 1380 2583 eree

274 2601 367 2681 plano
391 2599 487 2681 pede:
519 2622 577 2661 nec
599 2605 695 2678 enirn,
722 2615 758 2664 ut
778 2602 950 2666 Pantheum
970 2608 1159 2685 Romanum,
1181 2608 1325 2689 gradibus
1348 2618 1381 2668 ut

273 2686 349 2745 olim
363 2685 485 2745 arcendi
499 2699 551 2747 aut
570 2698 603 2746 ut
618 2706 699 2748 nunc
715 2688 868 2751 descendi.

360 2817 413 2878 26.
455 2814 503 2873 Ab
532 2817 648 2875 oriente
671 2819 762 2877 unica
785 2818 918 2895 aperitur
937 2827 1041 2897 porta,
1072 2837 1149 2900 qua,
1176 2820 1276 2901 inquit
1298 2816 1383 2877 idern

274 2898 412 2978 Gylliua‚
434 2903 568 2981 quinque
588 2901 731 2981 gradibus
751 2901 912 2963 ἀεειειιιιιε
930 2913 1014 2983 patet
1026 2906 1059 2963 in
1074 2904 1193 2964 eedem.
1236 2904 1382 2966 Silentia·

275 2986 338 3045 riue
353 2995 431 3064 part.
445 2990 467 3051 2
481 3006 511 3044 v.
530 2992 610 3052 161:

440 3064 508 3132 ἄλλ’
523 3070 573 3135 tat
588 3067 644 3150 μὲν
660 3068 825 3136 Φαέθοντα
837 3066 919 3151 πύλη
932 3071 996 3152 μία.

275 3156 333 3232 τῆς
353 3146 432 3239 ἑῴας
451 3158 539 3217 ietiua
559 3151 659 3238 πύλης
678 3160 817 3217 meminit
837 3169 940 3217 auctor
960 3159 1109 3219 Historiae
1128 3156 1166 3219 de
1182 3158 1329 3217 miraculo
1350 3160 1385 3217 in

276 3256 362 3299 sacro
378 3240 521 3299 ecclesiae
537 3255 630 3322 puteo
647 3240 738 3303 edito.
780 3239 929 3323 perhanc
944 3241 1074 3325 denique
1091 3245 1253 3305 Sultanurn
1270 3245 1386 3303 Turci-

275 3342 346 3381 curn
358 3326 507 3404 templum
522 3326 640 3407 ingredi
656 3330 757 3402 aiunt,
779 3348 821 3388 ex
835 3346 895 3409 que
909 3329 942 3387 in
955 3332 1128 3408 proximam
1144 3331 1245 3389 auiam
1258 3328 1384 3405 secedit,

275 3406 317 3467 ed
335 3410 414 3469 latua
434 3410 563 3471 bematis
582 3412 780 3475 meridionale
796 3424 984 3490 exerentem,
1005 3415 1058 3473 ubi
1075 3418 1225 3491 conaiatit,
1249 3434 1318 3473 cmn
1332 3434 1386 3475 ea-

275 3495 335 3552 cria
350 3495 484 3574 profanis
497 3499 631 3559 intereat.

359 3622 413 3684 27.
456 3622 596 3705 Denique
611 3624 650 3685 ad
664 3624 900 3707 septentrionem
912 3621 1065 3707 duplicem
1078 3636 1199 3707 portam
1211 3629 1314 3689 statuit
1331 3627 1388 3689 Si-

275 3702 432 3768 lentiariua
450 3720 527 3788 part.
542 3718 563 3776 2
578 3732 609 3770 v.
624 3712 700 3778 tot:

168 3786 191 3841 ¹’
207 3786 261 3845 ⁵⁴³
857 3788 1005 3879 πιόιιὲν
1023 3787 1122 3875 diue

441 3870 581 4025 {perper
595 3880 743 3966 ξννιχῆας
757 3872 953 3945 dearumve
969 3880 1129 3965 θυρλερων

460 3968 505 4039 riv
540 3988 593 4029 ων.

277 4052 310 4103 et
324 4044 403 4105 inira
419 4066 450 4108 v.
469 3988 548 4115 16y1:

855 4128 935 4219 πρύς
948 4132 982 4199 dd
994 4138 1136 4217 κελαινῆς

439 4214 551 4294 warde
564 4217 631 4295 tter
642 4216 752 4301 δισσήν
766 4218 816 4285 tut
829 4221 948 4285 διελλδα
962 4219 1036 4299 λαός
1050 4217 1162 4287 ὁδεύει.

275 4308 307 4362 at
324 4322 396 4365 vem
418 4304 459 4372 ad
476 4303 636 4369 meridiem
654 4307 755 4369 nullae
767 4316 869 4390 portae
882 4308 976 4369 iniere
989 4308 1144 4387 obaerrat,
1165 4302 1221 4367 aed
1234 4324 1251 4365 e
1264 4304 1389 4387 regione
