3000 4850
327 316 390 386 DE
412 315 551 386 REBUS
574 313 689 386 POST
711 311 955 386 mumolum
978 313 1139 388 (tusus.
1238 317 1290 393 29

178 487 299 569 πάλεονς
314 484 349 555 ἐν
363 495 404 577 τῇ
421 485 508 556 πόλει
530 489 679 556 εέσελθεῖν
692 483 817 556 έπειθον
834 485 990 570 οάδαμολς.
1038 489 1072 556 ἐν
1086 489 1120 558 δέ
1134 498 1204 569 ταῖς
1218 487 1290 581 ἔορ-

178 605 248 672 ταῖς
270 592 385 679 μάνους
405 592 479 670 τοὺς
496 593 585 670 υἱοὺς
603 593 767 673 ἐξέπεμπε,
793 595 846 656 καλ
869 590 956 658 οὗτοί
976 593 1179 672 ἐπιτελοῦντες
1194 598 1227 661 ἐν
1244 602 1289 686 τῷ

179 697 253 786 λερρλ
267 696 324 781 τὴν
337 697 428 762 θείαν
440 697 629 783 λειτουργίαν
645 694 742 772 εῧθιλς
755 692 833 781 πρὸς
848 694 941 760 αὐτὸν
956 693 1090 782 ἐξῄεσαν.
1141 695 1290 778 ὡσαύτως

179 805 231 868 καὶ
247 799 320 877 τούς
337 799 479 877 ἱππικοὺς
492 799 612 884 ἀγῶνας
627 795 717 882 ἡνίκα
729 800 881 878 ἐθεῶντο,
907 796 999 864 πάλιν
1014 800 1092 886 πρὸς
1105 799 1158 867 τὸν
1171 805 1289 890 πατέρα

152 903 368 992 θάπεχάρουν.
418 904 451 968 ἐν
463 893 490 991 ᾦ
504 903 539 969 δέ
551 903 699 988 διέτριβεν
711 902 824 982 ἐκεῖσε,
847 901 1021 987 άγγελλεται
1034 903 1119 992 αὐτῷ
1131 901 1174 982 ὥς
1189 902 1206 970 ὃ
1221 905 1289 984 υἱὸς

179 1007 276 1075 αὐτοῦ
284 1002 485 1094 Ἀταλάριχος
495 1008 548 1070 καί
565 1002 759 1091 Θεάδεοροςὸ
775 1004 831 1090 τὴν
847 1005 935 1083 άξίαν
949 1003 1132 1095 μάγιστρος,
1162 1006 1288 1074 Θεοδώ-

179 1136 238 1199 ρου
252 1111 286 1176 δέ
297 1116 353 1176 rusi
366 1111 518 1193 βασιλέως
530 1109 667 1196 ἀδελφοῦ
678 1105 747 1189 υἷάς
753 1157 763 1188 ,
789 1108 846 1174 σάν
858 1093 967 1188 άλλοις
985 1113 1064 1177 τισὶν
1083 1110 1286 1193 ἐπιβουλεύειν

179 1215 265 1303 αὐτῷ
285 1211 432 1298 ἤμελλον·
458 1216 510 1280 καί
531 1224 596 1290 τοῖς
610 1210 766 1296 μηνάσασι
780 1215 918 1291 πεισθεὶς
933 1211 1049 1282 τούτων
1061 1213 1118 1292 τὰς
1133 1213 1218 1302 ῥῖνας
1233 1219 1286 1282 καὶ
1300 1220 1327 1276 Ι)

178 1319 238 1394 τάς
252 1327 361 1405 χεῖρας
379 1318 515 1400 ἐξέτεμε,
539 1319 592 1381 καὶ
610 1311 811 1403 Ἀτολάριχον
824 1316 881 1399 μέν
895 1320 937 1393 εἷς
951 1316 1008 1401 τὴν
1020 1323 1114 1400 νῆσον
1130 1318 1186 1402 τὴν
1201 1325 1287 1406 λεγο-

137 1427 173 1486 tu
179 1424 273 1506 μένην
288 1423 462 1506 Πρίγκιπον
476 1416 631 1506 ἐξόριστον
646 1421 816 1503 ἐξέπεμψε,
845 1418 1007 1507 Θεόδωρον
1022 1423 1056 1486 δέ
1070 1422 1148 1510 πρὸς
1161 1423 1217 1507 τὴν
1231 1430 1288 1508 νῆ-

179 1551 236 1592 σον
259 1526 317 1609 τὴν
339 1526 372 1588 Γ
369 1525 573 1608 αοάομελέτην
597 1522 918 1610 προσαγορευομένην,
943 1525 1110 1612 ἐπιτρίψας
1129 1533 1174 1616 τῷ
1194 1527 1288 1594 ἐκεῖσε

179 1628 285 1706 ἐουκί,
302 1625 393 1711 ἡνίκα
414 1626 492 1716 πρὸς
514 1626 609 1692 αὐτὸν
630 1626 818 1708 καταλάβοι,
844 1629 895 1692 καί
918 1627 971 1692 τὸν
992 1629 1092 1715 ἕτερον
1105 1635 1167 1694 τῶν
1182 1634 1288 1698 ποδῶν

179 1731 365 1820 ἀφελέσθαι.
415 1731 496 1798 κατὰ
516 1735 616 1798 ταῦτα
640 1731 674 1796 δέ
696 1732 750 1796 καί
774 1728 847 1810 τοὺς
867 1729 1052 1818 συγγνόντας
1065 1730 1169 1810 αὐτοῖς
1180 1733 1220 1801 τά
1233 1741 1288 1819 τῆς

178 1837 344 1920 ἐπιβουλῆς
358 1831 581 1924 ἐτιμωρήσατο.

138 2013 173 2069 16
282 2002 408 2095 Χρόνου
425 2007 459 2071 δέ
474 2005 581 2071 ἱκανοῦ
600 2000 777 2081 διελθόντος
788 1999 1068 2092 παρασκευάζουσιν
1082 2005 1112 2071 οἶ
1125 2014 1180 2074 τοῦ
1193 2013 1288 2088 βασι-

180 2111 258 2189 λέως
273 2109 418 2196 ἄρχοντες
433 2109 487 2174 τὸν
502 2108 634 2196 ἔπαρχον
648 2104 690 2186 ὡς
705 2119 884 2194 συναγαγεῖν
903 2115 1027 2176 πλεῖστα
1049 2115 1141 2176 πλοῖα
1155 2113 1204 2176 καὶ
1218 2107 1288 2196 ἐχά-

179 2241 259 2300 μενα
280 2213 424 2299 ἀλλήλοις
442 2209 556 2298 ἐξάψαι
573 2209 675 2298 ὥσπερ
690 2207 860 2299 γεψυράσει
875 2211 928 2278 τὸν
943 2211 1090 2299 πάρθμον
1104 2221 1159 2281 τοῦ
1173 2220 1288 2280 καλου-

179 2320 274 2404 μένου
296 2324 402 2385 στενοῦ
407 2365 418 2398 ,
443 2313 571 2394 πλάνοις
584 2341 617 2381 τε
635 2316 769 2402 δένδρων
781 2317 832 2380 καὶ
846 2315 998 2404 φυλλάσιν
1012 2313 1201 2406 ἑκατέρωθεν
1217 2321 1288 2384 δια-

180 2426 314 2508 τειχίζειν
319 2470 331 2502 ,
357 2419 399 2499 ὧς
419 2421 499 2506 μηάέ
519 2415 657 2509 ὁρᾶσθαι
676 2415 817 2507 παριόντι
835 2418 891 2504 τὴν
909 2418 1079 2487 θάλατταν.
1129 2426 1180 2488 καί
1197 2424 1235 2509 δὴ
1252 2424 1287 2490 τὸ

137 2520 271 2613 λθέργον
290 2529 333 2603 είς
353 2523 445 2608 τάχος
463 2522 652 2611 προυχώρει,
679 2526 729 2590 καί
744 2520 761 2587 ὃ
775 2523 920 2606 βασιλεὺς
936 2524 1042 2603 ἱππεὺς
1059 2525 1109 2590 διὰ
1125 2525 1285 2615 θαλάττης
1301 2536 1324 2591 1³
1343 2539 1377 2595 18

181 2630 283 2715 ὥσπερ
305 2629 358 2693 διὰ
378 2635 433 2711 τῆς
456 2628 582 2715 ἠπείρου
609 2627 688 2692 κατά
711 2626 767 2705 τὰς
790 2626 885 2704 άκτάς
911 2634 967 2694 τοῦ
989 2630 1147 2715 λεγομένου
1172 2629 1287 2698 κάλποο

177 2733 335 2810 ’Φιάαλίας
348 2722 525 2819 ἐπεραιοῦτο
531 2778 543 2812 ,
569 2728 637 2798 οὔτε
655 2729 708 2798 τὸν
722 2726 890 2819 παράκτιον
900 2739 1005 2821 χῶρον
1018 2733 1219 2819 παραμείψας
1235 2733 1289 2800 διά

248 2944 268 3000 2
285 2939 451 3010 είσίπεμκελ
612 2942 643 2998 11
661 2940 714 3011 τὴν
731 2960 774 2997 cm
790 2943 813 2997 P
971 2944 1005 3000 17
1021 2938 1093 2999 ὥστε
1108 2944 1289 3015 γεφορόσοιέ

251 3017 285 3072 18
302 3012 452 3079 elusere?
565 3014 602 3069 22
621 3012 776 3075 Φαιδαλίας
791 3013 828 3067 Pa
844 3029 905 3066 cerr
921 3012 1060 3070 Petavius.

179 3204 293 3259 suadere
310 3195 536 3273 nen‘potueruut.
570 3219 603 3255 uc
618 3218 668 3273 per
681 3202 768 3255 festos
785 3198 843 3254 dies
858 3199 929 3255 filies
945 3202 1075 3255 duntaxat
1087 3200 1223 3271 mittebat,
1241 3204 1289 3273 qui

179 3274 264 3327 sectis
280 3273 310 3326 in
327 3274 425 3341 templo
443 3290 477 3325 ex
491 3289 564 3325 murs
579 3271 708 3340 perfectis
721 3270 810 3324 stetim
828 3273 862 3324 ud
879 3270 964 3341 ipsum
978 3273 1164 3337 revertebant3
1181 3272 1289 3326 itidem-

179 3360 233 3413 que
252 3353 391 3412 postquam
409 3341 579 3395 Circensibus
597 3339 757 3411 spectaculis
773 3340 965 3407 interfuerant,
992 3340 1081 3393 statim
1101 3342 1288 3411 adpetentem

179 3412 314 3465 redibant.
355 3410 440 3480 igitur
462 3428 519 3463 cum
544 3410 599 3464 illic
623 3410 795 3477 consisteret,
827 3410 971 3463 nuntiatum
997 3409 1023 3462 ei
1045 3416 1086 3463 est
1108 3410 1288 3467 Ateiurichum

178 3480 261 3535 filium
278 3492 308 3535 et
323 3480 493 3533 Theodorum
511 3480 677 3549 magistrum,
695 3480 834 3533 Theodori
853 3478 944 3531 fratris
959 3478 1053 3545 filium,
1073 3496 1130 3533 cum
1149 3480 1208 3535 aliis
1227 3482 1288 3551 qui-

178 3550 290 3603 busdum
313 3559 458 3602 contrusa
483 3549 644 3604 coniurasse.
680 3566 789 3633 quarum
812 3565 900 3601 rerum
922 3547 1054 3601 indicibus
1080 3552 1191 3604 credens
1208 3567 1288 3607 nares

178 3618 232 3673 illis
255 3629 283 3672 et
303 3635 394 3672 manus
435 3620 558 3673 raecidit.
592 3620 760 3673 Atalaruchus
778 3618 807 3671 in
822 3616 933 3670 insulam
947 3618 1051 3671 nomine
1068 3616 1219 3693 Principum
1238 3622 1285 3674 de-

178 3696 316 3759 portatur,
333 3638 492 3742 Theotimus
509 3706 574 3741 vero
591 3687 619 3741 in
636 3688 747 3742 insulem
763 3685 982 3742 Gaudomeleten.
1018 3686 1092 3741 cuius
1109 3690 1212 3743 insulse
1226 3690 1288 3745 duci

179 3759 287 3811 mandat
303 3765 332 3810 ut
349 3774 406 3811 cum
425 3758 458 3809 ad
475 3776 506 3811 se
523 3758 705 3828 pervenisset,
723 3775 802 3811 unum
821 3758 846 3810 ei
864 3774 896 3809 ex
914 3757 1027 3825 pedibus
1044 3768 1202 3830 amputaret.
1239 3776 1287 3814 eu-

179 3825 239 3880 dem
257 3834 285 3880 et
301 3826 330 3878 in
346 3844 437 3879 omnes
451 3826 578 3881 facinoris
596 3828 717 3881 conscios
733 3844 821 3898 poena
839 3826 1000 3880 decemitur.

248 3929 353 3983 Deinde
368 3930 448 4001 lengo
465 3939 560 4001 postas
576 3939 696 4002 tempore
712 3932 864 3999 praefectus
887 3930 975 3997 urbis,
1001 3931 1200 4000 magisuatuum
1223 3931 1288 3986 hor-

179 4005 254 4067 tatu,
279 4000 367 4053 multis
391 4000 420 4053 in
444 4018 522 4054 uuum
545 4002 645 4055 coactis
669 4000 782 4054 navibus
801 4008 829 4055 et
843 4000 957 4055 invicem
974 4000 1106 4071 alligatis,
1129 4002 1199 4055 fretu
1216 4002 1288 4070 quoti

179 4069 317 4137 angustias
334 4079 433 4123 vocent
448 4071 521 4123 velut
536 4081 644 4141 pontem
660 4070 784 4138 iniungit,
801 4088 834 4123 uc
847 4070 927 4123 ramis
940 4071 1062 4124 arborum
1078 4080 1105 4123 et
1117 4070 1189 4123 foliis
1201 4071 1288 4123 utrin-

179 4154 233 4207 que
262 4138 347 4192 lutera
374 4139 539 4208 praetendit,
571 4147 602 4194 ut
626 4140 807 4211 praetereunti
832 4156 960 4207 nusquam
984 4158 1056 4193 mare
1080 4139 1287 4209 prospiceretur.

178 4208 251 4275 quud
275 4224 342 4277 opus
365 4225 424 4262 cum
448 4209 584 4263 celerrime
606 4210 753 4280 perfectum
776 4218 861 4277 esset,
886 4209 1031 4280 imperetur
1054 4225 1121 4277 equo
1144 4226 1194 4278 pes
1216 4225 1288 4263 mars

177 4282 303 4346 tauquam
329 4294 378 4346 per
399 4279 577 4333 continentem
600 4280 739 4347 invectus,
770 4280 804 4332 ad
826 4280 900 4333 ainus
922 4296 999 4350 quem
1020 4276 1169 4333 Phidalism
1190 4284 1289 4335 vocent

177 4343 242 4398 litus
257 4346 421 4403 treusmittit.
456 4366 507 4403 uec
522 4350 665 4405 secuudum
681 4365 754 4407 crum
769 4348 926 4407 neritinus
943 4346 1079 4405 subulam
1095 4364 1145 4418 par
1156 4347 1288 4429 Baruyssi
