3000 4850
190 212 300 314 'rt
585 229 922 374 ..peucenos

248 449 251 458 ,
338 405 390 472 15.
431 401 633 499 Alg'tudinem
644 376 715 466 raro
730 414 846 464 tantam
857 423 924 466 esse
935 401 1038 486 prodit
1048 404 1229 485 Procopius,
1250 415 1372 468 utnon

251 489 343 554 modo
357 493 457 554 'cetera
469 492 551 551 urbis
565 489 701 550 aedificia
715 493 954 570 superexcellat,
976 489 1031 552 aad
1046 501 1076 550 et
1090 509 1131 550 ex
1147 511 1288 571 supremo
1306 513 1372 551 ae·

144 571 235 631 1³de
253 577 300 640 dis
314 581 425 638 vertice
440 578 512 641 urbs
526 586 589 637 tola
605 573 804 657 despiciaturt
824 575 953 664 ἕπῇρται
971 573 1030 682 γαρ
1047 575 1079 651 ἐς
1097 571 1182 656 ὕψος
1199 571 1371 655 odedum,

249 657 325 728 ioco
347 664 399 728 καὶ
420 657 518 743 ’ὅσπερ
541 665 604 724 τοῖν
623 657 724 725 ἄλλον
741 657 995 746 οἰκοδομημάτων
1010 655 1242 726 αποσαιεεῖονσα
1256 661 1371 726 ἐπινέ-

253 771 373 828 νενκεν,
407 745 607 831 ὑπερκειμένη
627 751 666 833 τῇ
687 745 763 839 drap
782 741 884 818 rediet,
914 751 1070 829 κοσμοῦσα
1091 744 1147 826 μὲν
1165 741 1281 827 ederim
1314 743 1372 811 ὅτι

253 828 349 916 aristis
367 834 464 909 ἔστιν,
488 831 675 915 ὦραϊζομένη
699 831 748 909 δέ,
771 828 819 896 ὅτι
842 826 938 913 adscit·
960 823 1040 897 οὖσα
1061 830 1114 898 τεαὶ
1135 830 1372 914 ἐπεμβαίνουσα

251 924 399 984 τοσοῦτον
417 913 532 1000 cladzco,
556 914 632 982 diora
657 915 697 998 δή
720 916 848 984 tvetvtr
861 916 885 1000 ἠ
898 911 1036 994 adlecta
1051 921 1206 1000 περιωπῆς
1222 911 1371 981 ἆποσιιο-

252 1011 362 1068 ττεῑται.
405 1024 494 1084 porro
519 1003 711 1063 altitudinem
727 1023 746 1062 a
763 1023 881 1064 summa
895 1014 1053 1064 curvatura
1069 1022 1193 1062 arcuum
1208 1023 1306 1084 usque
1324 1001 1371 1062 ad

251 1093 460 1170 pavimentum
482 1087 821 1171 centumquadraginta
840 1087 1102 1170 duorumpedum
1123 1109 1189 1148 esse
1211 1091 1252 1147 ait
1276 1088 1372 1148 idem

253 1177 390 1256 Gyllius:
425 1195 499 1234 nam
519 1173 557 1233 de
579 1195 614 1234 ea
633 1175 702 1235 silet
720 1177 887 1255 Euagrius,
916 1177 971 1256 qui
991 1173 1184 1234 altitudinem
1203 1184 1325 1232 tantum
1349 1193 1370 1233 a

255 1273 357 1321 centro
379 1257 724 1339 hemisphaerii-refert,
747 1259 786 1321 de
804 1280 863 1343 qua
881 1278 1005 1340 agemus
1019 1260 1110 1319 infra.
1152 1257 1371 1319 Bondelmon-

251 1349 313 1406 tius
332 1366 404 1406 vero
424 1365 442 1404 a
459 1343 610 1406 testudine
629 1345 714 1408 aedis
736 1345 777 1408 ad
792 1348 1002 1427 pavimentum
1020 1341 1214 1404 altitudinem
1233 1365 1300 1405 esse
1320 1347 1371 1404 ait

255 1433 317 1500 144
332 1429 534 1490 brachiorum.

340 1517 392 1579 16.
434 1519 547 1575 Totam
568 1511 651 1574 aedis
673 1524 853 1574 structuram
880 1515 1019 1574 ambiunt
1042 1514 1207 1573 exteriores
1228 1515 1371 1594 porticus

253 1601 402 1661 columnis
422 1603 598 1660 marmoreis
619 1611 801 1661 sustentatae
817 1603 996 1682 musiroque
1014 1621 1105 1680 opere
1121 1609 1301 1675 exornatae,
1325 1598 1370 1659 de

254 1687 364 1767 quibus
386 1689 488 1746 nescio
513 1705 551 1744 an
574 1687 666 1745 rerba
686 1688 745 1745 ista
768 1687 908 1766 Procopii
925 1685 1071 1766 capienda
1085 1687 1163 1759 sint,
1185 1704 1224 1742 an
1239 1705 1312 1744 vero
1325 1685 1371 1745 de

253 1772 446 1832 interioribus
458 1771 638 1851 porticibust
660 1771 706 1846 τίς
717 1765 805 1834 dv—
813 1766 869 1845 τοὶς
879 1793 911 1834 τε
921 1776 1117 1852 παμπληθεῖς
1130 1769 1260 1850 διηγεῖτο
1273 1768 1371 1845 crude

252 1857 306 1918 παὶ
319 1853 373 1932 τοὶς
386 1852 584 1938 περιπόλους
597 1851 702 1935 αὐλάς,
722 1851 772 1930 αἷς
786 1853 892 1930 ὄντος
904 1855 1132 1939 περιβέβληταις
1153 1853 1194 1914 ad
1203 1855 1370 1915 meridiem

184 1976 187 1984 ·
255 1945 338 2002 enim
362 1953 392 2002 et
411 1945 646 2021 septentrionem
661 1940 769 2000 habuit
783 1944 916 2021 porticus
930 1944 1110 2016 exteriores,
1132 1951 1166 2000 ut
1183 1952 1213 2001 et
1228 1940 1269 1999 ad
1282 1944 1371 2002 occi-

255 2026 395 2104 dentem,
423 2026 461 2086 de
484 2029 592 2108 quibus
610 2047 685 2086 rnox
707 2029 803 2086 acturi
825 2047 940 2087 sumus.
982 2047 1055 2086 nam
1078 2025 1117 2085 ad
1139 2028 1286 2085 orientem
1310 2028 1371 2086 rix

254 2111 434 2172 crediderim
458 2115 626 2185 exstitisse,
647 2111 794 2194 quicquid
812 2111 892 2172 dicat
911 2113 1048 2193 Gyllius,
1069 2113 1123 2195 qui
1143 2114 1185 2170 ait
1200 2113 1371 2172 verisimile

253 2217 320 2258 ease
335 2199 425 2257 istam
438 2196 582 2257 cecidisse
598 2199 701 2278 aliquo
714 2209 812 2256 terrae
825 2208 928 2274 motu,
949 2200 1106 2279 ipsiusque
1117 2199 1150 2256 in
1162 2197 1265 2256 locum
1278 2199 1370 2257 exci-

253 2292 350 2343 tatam
364 2284 458 2342 fuisse
473 2284 587 2342 molem
599 2283 685 2341 illam
701 2301 779 2363 quae
793 2280 886 2342 hodie
901 2293 1001 2343 exstat
1013 2281 1116 2363 lapide
1128 2281 1275 2365 quadrato
1289 2303 1371 2342 con-

254 2377 384 2444 structa,
406 2369 491 2428 relut
506 2367 627 2448 crepido
643 2367 756 2430 clivosa
768 2369 884 2429 obiecta
898 2367 939 2430 ad
951 2367 1138 2429 fulciendam
1149 2378 1267 2449 partem
1280 2367 1369 2429 aedis

255 2455 444 2514 orientalem.
487 2457 610 2535 quippe,
633 2457 690 2513 etsi
701 2452 792 2517 aedes
805 2475 907 2515 morae
918 2458 1048 2515 maiores
1059 2455 1222 2535 porticibus
1235 2458 1370 2515 ciream-

255 2540 339 2618 cingi
362 2542 510 2613 solerent,
533 2537 572 2598 ad
594 2542 740 2600 orientem
754 2552 857 2601 tamen
870 2543 974 2601 nullae
988 2542 1222 2616 excitabantur,
1233 2541 1312 2600 forte
1326 2542 1369 2601 ob

255 2625 384 2685 bematis
400 2636 429 2683 et
442 2628 622 2684 sacrosancti
636 2626 739 2685 alteris
751 2629 961 2703 reverentiam,
978 2624 1061 2708 quod
1075 2624 1115 2685 ad
1127 2637 1245 2705 partem
1258 2628 1372 2707 templi

256 2711 434 2769 orientalem
450 2729 569 2790 semper
584 2722 663 2787 erat,
685 2732 724 2770 ne
739 2732 776 2772 eo
792 2714 966 2772 coeuntium
979 2712 1113 2771 tumultu
1127 2732 1163 2771 ac
1176 2712 1371 2792 obloquentis

255 2796 355 2874 plebis
369 2796 543 2875 garrulitate
557 2816 640 2855 sacra
652 2796 829 2857 facientium
842 2796 1033 2858 sacerdotum
1046 2798 1216 2857 turbaretur
1229 2799 1371 2858 attentio.

255 2878 291 2939 id
316 2884 397 2940 enim
422 2882 494 2940 satis
514 2880 615 2962 prodit
635 2885 801 2963 Procopius
819 2881 857 2943 de
873 2882 977 2943 Aedif.
994 2888 1011 2947 1
1033 2885 1072 2957 8,
1094 2883 1148 2941 ubi
1162 2886 1205 2943 ait
1217 2884 1371 2963 templum

257 2966 291 3027 S.
306 2967 464 3027 Michaelis
477 2969 510 3025 in
523 2968 642 3047 Anaplo
659 2969 773 3050 ubique
787 2970 952 3048 porticibus
969 2969 1169 3028 exterioribus
1183 2971 1264 3049 cingi
1276 2988 1371 3049 prae-

255 3061 396 3158 terquam
416 3051 457 3111 ad
479 3056 644 3113 orientem:
667 3050 742 3119 croci
758 3050 810 3117 τᾶν
825 3051 904 3119 νεοόν
916 3050 1090 3135 περιβάλλει
1103 3050 1260 3135 ἐγκύκλιοι·
1274 3056 1317 3127 εἰς
1330 3050 1371 3117 td

258 3160 338 3219 προς
359 3137 398 3202 te
418 3140 600 3205 διαλιποῦσα
613 3133 720 3218 μόνον.
763 3142 875 3201 similia
889 3139 981 3200 tradit
996 3138 1034 3199 de
1048 3138 1125 3199 aede
1139 3138 1279 3221 deiparae
1292 3143 1370 3200 llie·

261 3224 475 3305 rosolymitana
498 3224 518 3289 5
540 3229 579 3289 6:
603 3224 636 3287 αἳ
658 3223 784 3306 (στοαὶ)
805 3221 1021 3310 repatriaturos
1041 3221 1077 3289 vd
1099 3222 1183 3308 ἱερόν
1198 3221 1270 3289 ὅλον
1284 3222 1372 3309 πλὴν

259 3311 316 3389 τῆς
328 3306 406 3388 πρὸς
420 3308 459 3372 ἕω
471 3306 673 3390 τετραμμένης
686 3314 828 3393 πλευρᾶς.

347 3396 397 3458 17.
440 3396 482 3452 At
499 3392 539 3452 ad
561 3393 748 3457 occidentem
764 3396 873 3476 templi
886 3396 1011 3472 valvae,
1033 3394 1133 3475 inquit
1145 3395 1280 3474 Gyllius,
1301 3397 1371 3457 loco

259 3479 404 3537 vestibuli
416 3476 491 3537 duas
504 3481 636 3559 porticus
648 3477 779 3557 habent,
799 3481 992 3555 inferiorem,
1014 3500 1075 3561 qua
1100 3478 1200 3539 aditur
1220 3483 1371 3561 templmn

258 3563 351 3641 plano
378 3562 473 3645 pede,
502 3568 705 3644 superiorem,
735 3586 796 3648 qua
819 3564 1065 3647 gynaeconitides
1094 3566 1183 3625 aulae
1210 3566 1371 3644 adeuntur,

261 3648 366 3709 ambas
384 3661 448 3708 tam
468 3649 575 3729 longas
596 3670 689 3733 quem
701 3652 851 3731 templum
863 3653 975 3726 latum,
997 3652 1098 3731 largas
1109 3654 1218 3730 viginti
1230 3663 1297 3712 octo
1311 3673 1372 3732 pe·

262 3732 326 3793 des.
368 3736 481 3795 Paulus
504 3735 694 3797 Silentiarius
713 3748 793 3818 part.
808 3742 830 3803 2
846 3758 877 3799 r.
891 3740 912 3802 9
928 3756 1080 3797 mannore
1101 3734 1210 3817 grandi
1232 3749 1372 3799 consuu-

262 3830 325 3879 ctas
342 3822 401 3879 ait:

425 3900 595 3985 μομιεδανὸς
612 3906 630 3970 d
636 3896 646 3928 ⁹
663 3903 714 3970 tri
727 3910 808 3970 τοῖσι
820 3910 903 3969 ποια
904 3949 1011 3966 ........
1032 3899 1139 3983 cdlo'v,

426 3986 609 4093 ὁερνύμενος
624 3986 809 4101 προσιόρτας
822 3989 976 4098 dureo-u.
989 3991 1162 4075 θυρέτροις,
1197 4078 1213 4096 ·

262 4153 301 4215 n
313 4152 362 4217 n.
376 4074 1290 4246 stitittisstttttttitsslittttitire2
1312 4158 1372 4225 m

261 4237 295 4305 dl
312 4240 389 4328 προς
404 4238 552 4327 δυόμενον
564 4241 654 4329 ἥλιον
668 4246 827 4333 ἐκπρεπεῖς
837 4248 935 4334 ἕτεραι
949 4248 1034 4317 croci
1050 4246 1127 4327 tio,
1145 4246 1200 4315 aci
1213 4243 1372 4313 πάντοθεν
