3000 4850
491 356 536 423 tn
558 357 730 424 BELLUM
751 355 981 428 AVARIGUM.
1217 355 1288 434 137

179 523 323 604 cibusque
337 522 419 581 male
434 523 557 582 cesserit
568 523 726 598 sententia,
748 521 782 582 in
796 541 889 604 quarn
902 543 1007 585 omues
1023 517 1232 604 convenerant,
1255 537 1289 586 nt

181 608 252 668 dato
265 628 320 689 per
333 612 438 687 ignem
451 611 539 688 signo
553 608 689 690 undique
702 627 809 669 omnes
821 612 1032 690 irrumperent.
1075 615 1160 673 testis
1174 615 1289 674 estssNi-

174 692 329 773 ‘cepbcrus
345 705 422 773 patr.
435 716 471 771 p.
487 699 545 770 123
567 715 608 752 ex
622 713 682 775 quc
696 694 861 774 repetenda
875 715 953 776 quae
966 703 1044 754 tacet
1058 687 1160 757 Pisida
1174 701 1205 756 in
1219 699 1288 756 lan-

182 778 282 838 daudo
298 790 416 838 tantum
429 780 535 858 Sergio
551 789 722 858 occupatus.
766 778 935 859 Nicephoro
950 779 1150 862 adstipulatur
1160 782 1289 843 Chroni-

181 885 239 923 con
255 862 363 924 Pasch.
371 887 409 942 p.
428 866 509 940 724,
539 884 579 922 ex
601 884 660 945 qno
683 874 766 944 patet
778 867 929 925 Armeniis
944 869 1047 946 ignem
1062 865 1131 926 data
1146 887 1236 948 opera
1250 867 1290 928 ad

184 949 292 1008 aedem
305 952 339 1009 S.
352 949 469 1009 Nicolai
483 950 686 1008 excitantibus
702 951 845 1010 barbaros
861 963 966 1012 omnes
980 952 1121 1032 deceptos
1133 953 1239 1014 fuisse.

268 1033 343 1099 405.
384 1035 499 1094 Abares
515 1054 584 1094 curn
602 1038 665 1094 iam
683 1039 808 1115 propius
824 1035 863 1096 ad
879 1037 986 1095 urbem
1004 1041 1217 1114 accessissent,
1248 1055 1289 1098 ex

184 1141 222 1180 ea
239 1130 325 1200 parte
345 1121 397 1179 ubi
414 1120 642 1179 celeberrimum
658 1119 798 1200 deiparae
813 1122 938 1200 virginis
956 1122 995 1181 ad
1010 1121 1192 1182 blachernas
1208 1134 1290 1182 tem·-

183 1207 271 1286 plum
285 1216 472 1264 exstructum
484 1216 564 1279 erat,
591 1208 758 1286 irrumpere
781 1209 879 1266 conati
894 1217 974 1266 sunt.
1018 1211 1152 1267 narratio
1166 1229 1184 1267 a
1197 1211 1289 1268 Com-

184 1291 290 1350 belisio
309 1289 390 1351 edita
411 1292 502 1350 refert
517 1289 645 1370 Scythas
665 1291 704 1349 ad
722 1294 890 1372 templum,
918 1291 1001 1374 quod
1017 1295 1050 1351 irs
1060 1293 1152 1372 sonte
1171 1304 1289 1368 vocant,

184 1379 365 1436 excurrisse.
409 1375 463 1435 sed
476 1378 626 1456 templum
641 1378 784 1457 ireflsnte,
817 1381 901 1437 ouius
922 1379 1006 1436 nulla
1026 1381 1139 1437 mentio
1155 1379 1188 1436 in
1204 1379 1290 1458 cpoli

86 1519 95 1528 ,
185 1460 371 1538 Christiana,
404 1479 422 1519 a
437 1460 674 1520 Blachernarum
689 1464 803 1542 templo
818 1481 880 1520 non
895 1465 988 1522 fuisse
1009 1461 1189 1523 disiunctum
1203 1465 1291 1523 colli*

186 1551 286 1627 gimus
302 1568 343 1606 ex
359 1545 529 1626 Nicephoro
545 1549 670 1606 Callisto
689 1549 729 1612 15
746 1569 773 1605 o.
790 1548 830 1612 25
845 1559 875 1604 et
886 1550 938 1612 26.
983 1546 1033 1606 hic
1053 1551 1146 1627 igitur
1164 1559 1229 1607 acta
1247 1557 1291 1608 est

186 1652 300 1714 pugna.
343 1630 394 1692 hic
414 1633 537 1712 deipara
556 1634 729 1712 Cpolitanos
748 1631 885 1691 defendit
908 1643 937 1692 et
956 1635 1098 1693 barbaros
1111 1635 1291 1713 profligavit.
1345 1634 1348 1642 ’

187 1738 293 1777 omnes
316 1719 407 1798 plane
434 1716 569 1777 historici
597 1718 730 1778 fatentur
754 1721 879 1798 virginis
899 1720 1046 1778 miraculo
1068 1720 1175 1778 urbem
1198 1719 1292 1778 fuisse

187 1804 357 1862 liberatam.
401 1815 432 1862 et
445 1803 598 1862 cedrenus
609 1825 645 1882 p.
664 1801 726 1867 416
739 1807 897 1881 ruginem
915 1807 1013 1884 ipsam
1028 1825 1097 1862 vere
1117 1823 1150 1862 se
1172 1807 1293 1882 compi*

187 1887 328 1948 ciendam
341 1887 479 1949 hostibus
493 1887 613 1947 dedisse
626 1899 745 1962 narrat3
769 1888 850 1969 quod
865 1899 915 1946 aut
930 1909 971 1948 ex
983 1887 1087 1947 Pisida
1102 1889 1206 1963 fiuxit,
1229 1892 1293 1969 qui,

188 1985 335 2055 ntpatet,
363 1977 547 2034 militantem
568 1973 722 2054 deiparam
741 1974 832 2049 facit,
864 1984 916 2032 aut
929 1993 969 2033 ex
982 1973 1129 2032 Chronico
1143 1971 1293 2047 Paschali,

188 2063 222 2117 in
240 2080 300 2141 quo
310 2082 347 2139 p.
362 2062 425 2125 725
438 2063 480 2118 ita
497 2061 626 2138 legitur:
648 2060 700 2121 sol
719 2063 808 2122 τοῦτο
827 2057 925 2140 ἔλεγεν
944 2057 962 2122 ό
983 2056 1076 2131 ἄθεος
1093 2051 1236 2138 Χαγᾶνος
1250 2061 1295 2140 τῷ

188 2151 286 2229 καιρῷ
301 2149 359 2208 τοῦ
371 2144 521 2225 πολέμου,
543 2140 590 2208 ὅτι
606 2142 663 2227 lyci
677 2151 787 2225 tropei
800 2151 931 2226 γυναῖκα
945 2147 1197 2226 σεμνοφοροῦσαν
1212 2165 1294 2226 περι-

188 2228 353 2313 τρέχουσαν
365 2231 408 2304 εἰς
421 2227 454 2292 rb
465 2237 561 2310 τεῖχος
574 2224 673 2310 μόνην
687 2221 793 2291 οὖσαν.
1120 2257 1123 2264 ·

274 2317 349 2382 407.
392 2314 488 2390 dolis,
509 2318 664 2396 periuriis,
686 2315 845 2374 incendiis.
953 2349 954 2354 κ

274 2399 349 2466 408.
391 2400 490 2462 codex
504 2400 596 2461 habet
611 2396 713 2481 ἠξίου.

274 2486 349 2551 409.
393 2486 499 2545 decem
510 2486 617 2546 diebus
631 2499 708 2546 terra
718 2487 857 2567 marique
870 2494 1036 2565 pugnatum
1049 2494 1111 2546 est:
1129 2483 1203 2545 dum
1214 2486 1296 2545 enim

189 2574 306 2633 Abares
327 2570 457 2632 admotis
475 2572 625 2631 machinis
643 2572 750 2630 urbem
764 2582 987 2651 oppugnarent,
1011 2572 1112 2633 Sclavi
1131 2584 1160 2631 et
1173 2572 1297 2650 Bnlgari

187 2662 292 2739 parvis
314 2661 445 2736 navigiis
462 2661 542 2716 vecti
565 2678 621 2737 per
643 2661 744 2717 sinum
767 2659 940 2716 Ceratinum
962 2660 995 2714 in
1013 2657 1098 2714 littus
1115 2656 1297 2716 descendere

190 2745 359 2823 urbemque
374 2747 473 2823 ipsam
486 2754 604 2802 vastare
615 2744 837 2802 moliebantur.
870 2744 973 2821 itaque
985 2744 1018 2799 in
1036 2740 1149 2820 duplici
1163 2740 1244 2800 bello
1262 2759 1297 2799 ac

192 2830 232 2888 de
257 2830 394 2909 pluribus
419 2849 480 2887 unu
509 2831 601 2888 simul
630 2830 795 2889 coniunctis
821 2824 957 2885 hostibus
980 2825 1071 2884 deum
1093 2838 1123 2884 et
1143 2826 1298 2907 deiparam

191 2913 414 2993 triumphantes
437 2912 631 2973 demonstrat.
675 2917 814 2994 quirem
834 2914 932 2989 magis
955 2909 995 2969 ad.
1012 2908 1187 2969 historicam
1206 2908 1299 2969 fidem

193 3020 362 3081 expensam
375 3002 456 3078 cupit
470 3001 651 3079 intelligere,
674 2998 762 3057 adeat
777 2990 1119 3056 Chronicon‘Paschale.

277 3084 353 3150 411.
396 3104 437 3142 ex
458 3104 519 3143 nno
538 3096 645 3143 trunco
665 3095 751 3143 erant
771 3094 932 3141 excavatae
948 3081 1142 3139 barbarorum
1162 3080 1298 3159 cymbae,

194 3190 270 3253 quas
285 3172 394 3228 merito
412 3168 563 3228 {rabanus
575 3190 709 3229 vocares.
750 3165 938 3246 Nicephorus
958 3164 1127 3245 patriarcba
1150 3176 1180 3223 et
1201 3162 1301 3225 Chro-

193 3261 284 3315 nicon
299 3253 446 3314 Pasebale
461 3250 609 3332 μονόξυλα
622 3276 674 3315 eas
689 3255 861 3334 appeliant,
883 3248 1097 3329 Theophanes,
1120 3252 1173 3331 qui
1185 3250 1301 3329 legerat

193 3341 346 3415 Pisidam,
368 3351 399 3397 et
410 3340 579 3416 cedrenus,
610 3336 913 3422 qui·Tbeophauem,
943 3331 1059 3417 γλυπτοὶ
1076 3332 1180 3415 σκάφη
1197 3337 1300 3395 uomi-

194 3436 279 3485 nant.
323 3428 503 3485 Ammianus
524 3428 718 3485 Marcellinus
737 3430 775 3489 31
801 3429 837 3487 3:
860 3420 1136 3500 venefretobantur
1149 3422 1182 3479 in
1196 3420 1258 3479 dies
1273 3428 1303 3478 et

195 3524 308 3583 noctes,
337 3511 468 3570 mribus
486 3511 662 3592 ratibusque
680 3523 708 3569 et
726 3511 843 3569 cnuats's
857 3506 1000 3567 orborum
1012 3506 1107 3566 alvers
1122 3508 1304 3629 ognpimts'm

193 3600 237 3657 im
275 3600 336 3656 siti.

230 3619 356 3747 potitii.
400 3680 545 3742 hactenus
554 3680 658 3741 Pisida
672 3681 730 3740 sibi
749 3682 833 3739 risus
851 3688 896 3738 est
909 3688 1080 3738 terrestrem
1098 3696 1234 3757 pugnam
1247 3672 1303 3735 de-

196 3770 368 3849 scripsisse,
399 3788 440 3826 ex
460 3787 520 3849 qua
537 3768 648 3826 idcirco
664 3768 837 3847 Cpcliteuos
855 3768 983 3823 victores
1007 3767 1138 3823 erasisse
1160 3760 1302 3835 declarat,
1415 3778 1417 3785 ’

197 3858 270 3935 quia
283 3854 407 3933 Sergius
420 3855 486 3912 sola
498 3856 640 3932 imaginis
657 3846 885 3931 ἇχειροποιήτου
904 3850 1182 3928 circumgestatiune
1193 3847 1304 3907 barba-

197 3959 247 3998 ros
269 3942 454 4018 represserit.
496 3943 600 4019 itaque
621 3941 751 4019 primam
772 3938 929 3995 victoriam
952 3932 1008 3993 deo
1027 3944 1180 4013 acceptam
1201 3932 1304 3990 refert.

196 4021 258 4083 hoc
276 4044 349 4083 sane
362 4034 435 4104 puto
450 4026 612 4104 significari
624 4043 679 4101 per
692 4042 728 4080 ea
742 4022 832 4080 verba
848 4016 885 4081 ed
907 4024 988 4081 vaira
1007 4024 1063 4099 τῆς
1081 4020 1204 4101 γραφῆς
1218 4026 1305 4095 terga

197 4110 249 4169 vel
262 4110 352 4168 dorsa
361 4113 512 4188 picturae.
559 4112 678 4167 sienim
692 4108 766 4165 velis
776 4107 916 4185 Sergium
929 4106 1063 4164 barbaris
1077 4104 1221 4161 obiecisse
1234 4100 1304 4158 rul-

197 4205 247 4253 tus
266 4198 447 4254 sanctissimi
467 4198 598 4253 anticam
615 4204 748 4271 partem,
778 4212 834 4272 per
854 4186 891 4253 sd
909 4196 991 4253 voitu
1006 4191 1142 4259 dorsum,
1162 4184 1305 4244 videlicet

196 4282 389 4361 superficiem
405 4280 526 4339 tabulae
545 4298 580 4338 ao
598 4281 697 4357 ipsam
708 4279 799 4357 plane
814 4280 961 4358 picturam
975 4276 1145 4351 intelliges:
1166 4273 1210 4329 ita
1223 4272 1306 4327 enim

196 4362 234 4427 sd
251 4369 335 4429 usito
348 4372 405 4445 τῆς
417 4363 579 4446 θαλάσσης
590 4367 683 4424 maris
696 4364 869 4443 superficies
883 4362 1029 4443 explicari
1045 4360 1132 4427 solet,
1163 4358 1189 4415 ai
1205 4365 1306 4415 autem
