<?xml version="1.0" encoding="UTF-8"?>
<!DOCTYPE html PUBLIC "-//W3C//DTD XHTML 1.0 Transitional//EN"
    "http://www.w3.org/TR/xhtml1/DTD/xhtml1-transitional.dtd">
<html xmlns="http://www.w3.org/1999/xhtml" xml:lang="en" lang="en">
 <head>
  <title>
</title>
<meta http-equiv="Content-Type" content="text/html;charset=utf-8" />
  <meta name='ocr-system' content='tesseract 3.04.00' />
  <meta name='ocr-capabilities' content='ocr_page ocr_carea ocr_par ocr_line ocrx_word'/>
</head>
<body>
  <div class='ocr_page' id='page_1' title='image "./corpusscriptoru37niebgoog_0154.png"; bbox 0 0 3000 4850; ppageno 0'>
   <div class='ocr_carea' id='block_1_1' title="bbox 252 289 918 396">
    <p class='ocr_par' dir='ltr' id='par_1_1' title="bbox 252 289 918 396">
     <span class='ocr_line' id='line_1_1' title="bbox 252 289 918 396; baseline -0.008 -31"><span class='ocrx_word' id='word_1_1' title='bbox 252 289 326 396; x_wconf 69' lang='lat'><strong>142</strong></span> <span class='ocrx_word' id='word_1_2' title='bbox 632 314 635 321; x_wconf 74' lang='lat'><em>,</em></span> <span class='ocrx_word' id='word_1_3' title='bbox 686 291 749 363; x_wconf 86' lang='lat' dir='ltr'><strong>nu</strong></span> <span class='ocrx_word' id='word_1_4' title='bbox 775 289 918 362; x_wconf 75' lang='lat' dir='ltr'><strong>cinon</strong></span> 
     </span>
    </p>
   </div>
   <div class='ocr_carea' id='block_1_2' title="bbox 138 450 1359 4387">
    <p class='ocr_par' dir='ltr' id='par_1_2' title="bbox 138 450 1359 4387">
     <span class='ocr_line' id='line_1_2' title="bbox 171 450 1356 542; baseline 0.001 -21"><span class='ocrx_word' id='word_1_5' title='bbox 171 478 175 492; x_wconf 78' lang='grc'><strong>’</strong></span> <span class='ocrx_word' id='word_1_6' title='bbox 249 462 290 521; x_wconf 86' lang='lat' dir='ltr'><strong>tis</strong></span> <span class='ocrx_word' id='word_1_7' title='bbox 304 467 402 535; x_wconf 83' lang='lat' dir='ltr'><strong>sonat,</strong></span> <span class='ocrx_word' id='word_1_8' title='bbox 423 453 479 518; x_wconf 83' lang='lat' dir='ltr'><strong>sed</strong></span> <span class='ocrx_word' id='word_1_9' title='bbox 492 457 677 536; x_wconf 83' lang='lat' dir='ltr'><strong>etplateem.</strong></span> <span class='ocrx_word' id='word_1_10' title='bbox 718 455 908 538; x_wconf 71' lang='lat' dir='ltr'><strong>Hesychius:</strong></span> <span class='ocrx_word' id='word_1_11' title='bbox 929 453 1056 540; x_wconf 74' lang='grc' dir='ltr'><strong><em>ἄμφοδα</em></strong></span> <span class='ocrx_word' id='word_1_12' title='bbox 1068 457 1103 522; x_wconf 82' lang='lat' dir='ltr'><strong>cl</strong></span> <span class='ocrx_word' id='word_1_13' title='bbox 1112 450 1216 538; x_wconf 70' lang='grc' dir='ltr'><strong><em>ρεἷμαε,</em></strong></span> <span class='ocrx_word' id='word_1_14' title='bbox 1236 451 1356 542; x_wconf 73' lang='lat' dir='ltr'><strong>dyocesi,</strong></span> 
     </span>
     <span class='ocr_line' id='line_1_3' title="bbox 249 540 1357 624; baseline -0.001 -15"><span class='ocrx_word' id='word_1_15' title='bbox 249 546 358 609; x_wconf 74' lang='lat' dir='ltr'><strong>clodos</strong></span> <span class='ocrx_word' id='word_1_16' title='bbox 401 546 536 605; x_wconf 81' lang='lat' dir='ltr'><strong>Lexioon</strong></span> <span class='ocrx_word' id='word_1_17' title='bbox 550 544 657 602; x_wconf 79' lang='lat' dir='ltr'><strong>Graec.</strong></span> <span class='ocrx_word' id='word_1_18' title='bbox 672 547 767 604; x_wconf 86' lang='lat' dir='ltr'><strong>mein</strong></span> <span class='ocrx_word' id='word_1_19' title='bbox 779 541 962 604; x_wconf 73' lang='lat' dir='ltr'><strong>bibliotheca</strong></span> <span class='ocrx_word' id='word_1_20' title='bbox 974 545 1070 624; x_wconf 83' lang='lat' dir='ltr'><strong>liegia</strong></span> <span class='ocrx_word' id='word_1_21' title='bbox 1083 542 1149 604; x_wconf 87' lang='lat' dir='ltr'><strong>cod.</strong></span> <span class='ocrx_word' id='word_1_22' title='bbox 1163 543 1242 608; x_wconf 78' lang='lat'><strong>930:</strong></span> <span class='ocrx_word' id='word_1_23' title='bbox 1265 540 1357 624; x_wconf 72' lang='grc' dir='ltr'><strong><em>ὄμφ-</em></strong></span> 
     </span>
     <span class='ocr_line' id='line_1_4' title="bbox 138 623 1358 711; baseline -0.009 -11"><span class='ocrx_word' id='word_1_24' title='bbox 138 644 233 704; x_wconf 69' lang='lat'>1⁰58?</span> <span class='ocrx_word' id='word_1_25' title='bbox 249 631 322 705; x_wconf 79' lang='grc' dir='ltr'><strong>αὸος</strong></span> <span class='ocrx_word' id='word_1_26' title='bbox 340 623 434 710; x_wconf 61' lang='lat' dir='ltr'><strong>deice.</strong></span> <span class='ocrx_word' id='word_1_27' title='bbox 476 623 620 709; x_wconf 68' lang='grc' dir='ltr'><strong><em>ἄμφοδον</em></strong></span> <span class='ocrx_word' id='word_1_28' title='bbox 646 629 766 706; x_wconf 68' lang='lat' dir='ltr'><strong>etates,</strong></span> <span class='ocrx_word' id='word_1_29' title='bbox 802 625 915 710; x_wconf 74' lang='grc' dir='ltr'><strong><em>ρήμην.</em></strong></span> <span class='ocrx_word' id='word_1_30' title='bbox 963 631 1072 711; x_wconf 83' lang='lat' dir='ltr'><strong>quibus</strong></span> <span class='ocrx_word' id='word_1_31' title='bbox 1092 630 1168 688; x_wconf 88' lang='lat' dir='ltr'><strong>locis</strong></span> <span class='ocrx_word' id='word_1_32' title='bbox 1189 628 1358 709; x_wconf 83' lang='lat' dir='ltr'><strong>legendum</strong></span> 
     </span>
     <span class='ocr_line' id='line_1_5' title="bbox 174 708 1358 881; baseline -0.002 -19"><span class='ocrx_word' id='word_1_33' title='bbox 174 787 182 817; x_wconf 90' lang='lat'><strong>·</strong></span> <span class='ocrx_word' id='word_1_34' title='bbox 249 708 529 880; x_wconf 58' lang='lat' dir='ltr'><strong>siscen-</strong></span> <span class='ocrx_word' id='word_1_35' title='bbox 546 711 1214 881; x_wconf 33' lang='grc' dir='ltr'><strong>μέμνεο</strong></span> <span class='ocrx_word' id='word_1_36' title='bbox 1232 713 1358 881; x_wconf 63' lang='lat' dir='ltr'><strong>sss</strong></span> 
     </span>
     <span class='ocr_line' id='line_1_6' title="bbox 281 841 1356 876; baseline 0.004 -4"><span class='ocrx_word' id='word_1_37' title='bbox 281 842 291 860; x_wconf 91' lang='lat'><strong>·</strong></span> <span class='ocrx_word' id='word_1_38' title='bbox 487 841 496 858; x_wconf 92' lang='lat'><strong>·</strong></span> <span class='ocrx_word' id='word_1_39' title='bbox 886 841 898 872; x_wconf 85' lang='grc' dir='ltr'><strong><em>ε</em></strong></span> <span class='ocrx_word' id='word_1_40' title='bbox 1346 843 1356 876; x_wconf 81' lang='lat' dir='ltr'><strong>r</strong></span> 
     </span>
     <span class='ocr_line' id='line_1_7' title="bbox 249 883 1358 967; baseline -0.002 -21"><span class='ocrx_word' id='word_1_41' title='bbox 249 907 307 948; x_wconf 81' lang='lat' dir='ltr'><strong>seu</strong></span> <span class='ocrx_word' id='word_1_42' title='bbox 321 905 446 967; x_wconf 76' lang='lat' dir='ltr'><strong>perram</strong></span> <span class='ocrx_word' id='word_1_43' title='bbox 460 885 616 959; x_wconf 87' lang='lat' dir='ltr'><strong>semitam,</strong></span> <span class='ocrx_word' id='word_1_44' title='bbox 639 883 808 945; x_wconf 87' lang='lat' dir='ltr'><strong>cuiusmodi</strong></span> <span class='ocrx_word' id='word_1_45' title='bbox 822 895 891 944; x_wconf 88' lang='lat' dir='ltr'><strong>sunt</strong></span> <span class='ocrx_word' id='word_1_46' title='bbox 904 885 980 946; x_wconf 86' lang='lat' dir='ltr'><strong>sulci</strong></span> <span class='ocrx_word' id='word_1_47' title='bbox 995 903 1071 966; x_wconf 86' lang='lat' dir='ltr'><strong>quos</strong></span> <span class='ocrx_word' id='word_1_48' title='bbox 1085 887 1117 942; x_wconf 90' lang='lat' dir='ltr'><strong>in</strong></span> <span class='ocrx_word' id='word_1_49' title='bbox 1131 884 1231 944; x_wconf 81' lang='lat' dir='ltr'><strong>fronte</strong></span> <span class='ocrx_word' id='word_1_50' title='bbox 1245 905 1358 945; x_wconf 86' lang='lat' dir='ltr'><strong>senum</strong></span> 
     </span>
     <span class='ocr_line' id='line_1_8' title="bbox 252 968 1356 1052; baseline 0.001 -22"><span class='ocrx_word' id='word_1_51' title='bbox 252 972 389 1031; x_wconf 80' lang='lat' dir='ltr'><strong>efficiunt</strong></span> <span class='ocrx_word' id='word_1_52' title='bbox 410 989 519 1051; x_wconf 83' lang='lat' dir='ltr'><strong>rugae3</strong></span> <span class='ocrx_word' id='word_1_53' title='bbox 549 968 631 1030; x_wconf 87' lang='lat' dir='ltr'><strong>unde</strong></span> <span class='ocrx_word' id='word_1_54' title='bbox 650 969 775 1031; x_wconf 87' lang='lat' dir='ltr'><strong>indubie</strong></span> <span class='ocrx_word' id='word_1_55' title='bbox 797 991 885 1050; x_wconf 85' lang='lat' dir='ltr'><strong>rugas</strong></span> <span class='ocrx_word' id='word_1_56' title='bbox 907 971 1096 1050; x_wconf 73' lang='lat' dir='ltr'><strong>appellarunt</strong></span> <span class='ocrx_word' id='word_1_57' title='bbox 1116 971 1211 1031; x_wconf 84' lang='lat' dir='ltr'><strong>nostri</strong></span> <span class='ocrx_word' id='word_1_58' title='bbox 1232 973 1356 1052; x_wconf 80' lang='lat' dir='ltr'><strong>quasvis</strong></span> 
     </span>
     <span class='ocr_line' id='line_1_9' title="bbox 251 1054 1357 1138; baseline -0.001 -23"><span class='ocrx_word' id='word_1_59' title='bbox 251 1059 369 1138; x_wconf 80' lang='lat' dir='ltr'><strong>plateoe</strong></span> <span class='ocrx_word' id='word_1_60' title='bbox 392 1059 568 1131; x_wconf 82' lang='lat' dir='ltr'><strong>strictiores,</strong></span> <span class='ocrx_word' id='word_1_61' title='bbox 590 1054 672 1136; x_wconf 87' lang='lat' dir='ltr'><strong>quod</strong></span> <span class='ocrx_word' id='word_1_62' title='bbox 691 1075 833 1135; x_wconf 80' lang='lat' dir='ltr'><strong>rugorum</strong></span> <span class='ocrx_word' id='word_1_63' title='bbox 852 1074 930 1137; x_wconf 88' lang='lat' dir='ltr'><strong>qnae</strong></span> <span class='ocrx_word' id='word_1_64' title='bbox 948 1060 980 1114; x_wconf 92' lang='lat' dir='ltr'><strong>in</strong></span> <span class='ocrx_word' id='word_1_65' title='bbox 996 1055 1094 1114; x_wconf 83' lang='lat' dir='ltr'><strong>fronte</strong></span> <span class='ocrx_word' id='word_1_66' title='bbox 1111 1075 1218 1114; x_wconf 87' lang='lat' dir='ltr'><strong>senum</strong></span> <span class='ocrx_word' id='word_1_67' title='bbox 1233 1067 1357 1114; x_wconf 84' lang='lat' dir='ltr'><strong>contre-</strong></span> 
     </span>
     <span class='ocr_line' id='line_1_10' title="bbox 250 1138 1357 1221; baseline -0.001 -20"><span class='ocrx_word' id='word_1_68' title='bbox 250 1141 366 1202; x_wconf 86' lang='lat' dir='ltr'><strong>huntur</strong></span> <span class='ocrx_word' id='word_1_69' title='bbox 390 1142 520 1200; x_wconf 88' lang='lat' dir='ltr'><strong>formem</strong></span> <span class='ocrx_word' id='word_1_70' title='bbox 543 1143 684 1201; x_wconf 85' lang='lat' dir='ltr'><strong>referant.</strong></span> <span class='ocrx_word' id='word_1_71' title='bbox 727 1138 783 1201; x_wconf 85' lang='lat' dir='ltr'><strong>sed</strong></span> <span class='ocrx_word' id='word_1_72' title='bbox 806 1151 836 1200; x_wconf 86' lang='lat' dir='ltr'><strong>et</strong></span> <span class='ocrx_word' id='word_1_73' title='bbox 858 1143 982 1202; x_wconf 85' lang='lat' dir='ltr'><strong>observo</strong></span> <span class='ocrx_word' id='word_1_74' title='bbox 1003 1151 1120 1221; x_wconf 86' lang='lat' dir='ltr'><strong>partem</strong></span> <span class='ocrx_word' id='word_1_75' title='bbox 1139 1141 1225 1198; x_wconf 88' lang='lat' dir='ltr'><strong>illam</strong></span> <span class='ocrx_word' id='word_1_76' title='bbox 1245 1141 1357 1221; x_wconf 86' lang='lat' dir='ltr'><strong>templi</strong></span> 
     </span>
     <span class='ocr_line' id='line_1_11' title="bbox 197 1223 1358 1307; baseline 0 -21"><span class='ocrx_word' id='word_1_77' title='bbox 197 1226 205 1242; x_wconf 89' lang='lat'><strong><em>‘</em></strong></span> <span class='ocrx_word' id='word_1_78' title='bbox 247 1228 387 1307; x_wconf 70' lang='lat' dir='ltr'><strong>pluteum</strong></span> <span class='ocrx_word' id='word_1_79' title='bbox 409 1236 439 1284; x_wconf 87' lang='lat' dir='ltr'><strong>et</strong></span> <span class='ocrx_word' id='word_1_80' title='bbox 462 1227 545 1285; x_wconf 75' lang='lat' dir='ltr'><strong>viam</strong></span> <span class='ocrx_word' id='word_1_81' title='bbox 563 1228 708 1307; x_wconf 85' lang='lat' dir='ltr'><strong>appellari</strong></span> <span class='ocrx_word' id='word_1_82' title='bbox 724 1230 756 1284; x_wconf 90' lang='lat' dir='ltr'><strong>in</strong></span> <span class='ocrx_word' id='word_1_83' title='bbox 771 1224 913 1286; x_wconf 77' lang='lat' dir='ltr'><strong>chartea.</strong></span> <span class='ocrx_word' id='word_1_84' title='bbox 929 1229 1056 1292; x_wconf 71' lang='lat'>1837111</span> <span class='ocrx_word' id='word_1_85' title='bbox 1071 1223 1358 1286; x_wconf 77' lang='lat' dir='ltr'><strong>eodemM.l³aeto-</strong></span> 
     </span>
     <span class='ocr_line' id='line_1_12' title="bbox 253 1313 1357 1391; baseline -0.002 -19"><span class='ocrx_word' id='word_1_86' title='bbox 253 1314 311 1372; x_wconf 86' lang='lat' dir='ltr'><strong>rali</strong></span> <span class='ocrx_word' id='word_1_87' title='bbox 330 1313 484 1371; x_wconf 73' lang='lat' dir='ltr'><strong>Ecclesiae</strong></span> <span class='ocrx_word' id='word_1_88' title='bbox 504 1314 599 1372; x_wconf 83' lang='lat' dir='ltr'><strong>Paris.</strong></span> <span class='ocrx_word' id='word_1_89' title='bbox 618 1333 649 1391; x_wconf 89' lang='lat' dir='ltr'><strong>p.</strong></span> <span class='ocrx_word' id='word_1_90' title='bbox 669 1313 752 1377; x_wconf 82' lang='lat'><strong>367:</strong></span> <span class='ocrx_word' id='word_1_91' title='bbox 773 1315 843 1371; x_wconf 63' lang='lat' dir='ltr'><strong>uem</strong></span> <span class='ocrx_word' id='word_1_92' title='bbox 866 1313 1041 1372; x_wconf 71' lang='lat' dir='ltr'><strong><em>ordinamus</em></strong></span> <span class='ocrx_word' id='word_1_93' title='bbox 1062 1323 1090 1370; x_wconf 86' lang='lat' dir='ltr'><strong>et</strong></span> <span class='ocrx_word' id='word_1_94' title='bbox 1103 1313 1357 1391; x_wconf 80' lang='lat' dir='ltr'><strong>proumrtiamus,</strong></span> 
     </span>
     <span class='ocr_line' id='line_1_13' title="bbox 253 1397 1356 1478; baseline 0 -22"><span class='ocrx_word' id='word_1_95' title='bbox 253 1398 377 1478; x_wconf 78' lang='lat' dir='ltr'><strong>quodsi</strong></span> <span class='ocrx_word' id='word_1_96' title='bbox 391 1399 424 1455; x_wconf 80' lang='lat' dir='ltr'><strong>irc</strong></span> <span class='ocrx_word' id='word_1_97' title='bbox 434 1397 555 1476; x_wconf 78' lang='lat' dir='ltr'><em>platea,</em></span> <span class='ocrx_word' id='word_1_98' title='bbox 576 1400 660 1477; x_wconf 82' lang='lat' dir='ltr'><strong>infra</strong></span> <span class='ocrx_word' id='word_1_99' title='bbox 672 1397 792 1477; x_wconf 73' lang='lat' dir='ltr'><strong>gradare</strong></span> <span class='ocrx_word' id='word_1_100' title='bbox 802 1417 861 1476; x_wconf 84' lang='lat' dir='ltr'><strong>per</strong></span> <span class='ocrx_word' id='word_1_101' title='bbox 876 1419 950 1478; x_wconf 86' lang='lat' dir='ltr'><strong>quoe</strong></span> <span class='ocrx_word' id='word_1_102' title='bbox 964 1397 1137 1456; x_wconf 68' lang='lat' dir='ltr'><strong>ascenditur</strong></span> <span class='ocrx_word' id='word_1_103' title='bbox 1148 1399 1194 1456; x_wconf 84' lang='lat' dir='ltr'><strong>ad</strong></span> <span class='ocrx_word' id='word_1_104' title='bbox 1206 1417 1356 1477; x_wconf 78' lang='lat' dir='ltr'><strong>magnum</strong></span> 
     </span>
     <span class='ocr_line' id='line_1_14' title="bbox 251 1481 1357 1564; baseline -0.001 -22"><span class='ocrx_word' id='word_1_105' title='bbox 251 1483 365 1554; x_wconf 82' lang='lat' dir='ltr'><strong>altare,</strong></span> <span class='ocrx_word' id='word_1_106' title='bbox 386 1483 456 1540; x_wconf 83' lang='lat' dir='ltr'><strong>licet</strong></span> <span class='ocrx_word' id='word_1_107' title='bbox 468 1485 509 1541; x_wconf 79' lang='lat' dir='ltr'><strong>sit</strong></span> <span class='ocrx_word' id='word_1_108' title='bbox 520 1503 573 1541; x_wconf 85' lang='lat' dir='ltr'><strong>seu</strong></span> <span class='ocrx_word' id='word_1_109' title='bbox 586 1484 708 1542; x_wconf 63' lang='lat' dir='ltr'><strong>&amp;cam</strong></span> <span class='ocrx_word' id='word_1_110' title='bbox 719 1485 878 1562; x_wconf 68' lang='lat' dir='ltr'><strong>ceptrum,</strong></span> <span class='ocrx_word' id='word_1_111' title='bbox 898 1483 998 1564; x_wconf 76' lang='lat' dir='ltr'><strong>aliqui</strong></span> <span class='ocrx_word' id='word_1_112' title='bbox 1014 1485 1091 1542; x_wconf 84' lang='lat' dir='ltr'><strong>cerei</strong></span> <span class='ocrx_word' id='word_1_113' title='bbox 1109 1485 1143 1542; x_wconf 83' lang='lat' dir='ltr'><strong>in</strong></span> <span class='ocrx_word' id='word_1_114' title='bbox 1164 1481 1357 1542; x_wconf 77' lang='lat' dir='ltr'><strong>candelabris</strong></span> 
     </span>
     <span class='ocr_line' id='line_1_15' title="bbox 248 1568 1356 1648; baseline 0.001 -23"><span class='ocrx_word' id='word_1_115' title='bbox 248 1579 405 1647; x_wconf 77' lang='lat' dir='ltr'><strong>ponantur</strong></span> <span class='ocrx_word' id='word_1_116' title='bbox 416 1569 451 1626; x_wconf 83' lang='lat' dir='ltr'><strong>in</strong></span> <span class='ocrx_word' id='word_1_117' title='bbox 458 1579 549 1646; x_wconf 81' lang='lat' dir='ltr'><strong>parte</strong></span> <span class='ocrx_word' id='word_1_118' title='bbox 560 1569 697 1648; x_wconf 81' lang='lat' dir='ltr'><strong>inferiori</strong></span> <span class='ocrx_word' id='word_1_119' title='bbox 707 1589 798 1648; x_wconf 80' lang='lat' dir='ltr'><strong>snper</strong></span> <span class='ocrx_word' id='word_1_120' title='bbox 811 1568 920 1628; x_wconf 68' lang='lat' dir='ltr'><strong>&amp;ambis</strong></span> <span class='ocrx_word' id='word_1_121' title='bbox 933 1569 1143 1648; x_wconf 81' lang='lat' dir='ltr'><strong>defunctorum</strong></span> <span class='ocrx_word' id='word_1_122' title='bbox 1156 1577 1214 1628; x_wconf 88' lang='lat' dir='ltr'><strong>etc.</strong></span> <span class='ocrx_word' id='word_1_123' title='bbox 1256 1569 1356 1626; x_wconf 73' lang='lat' dir='ltr'><strong>inire:</strong></span> 
     </span>
     <span class='ocr_line' id='line_1_16' title="bbox 250 1651 1359 1733; baseline 0 -21"><span class='ocrx_word' id='word_1_124' title='bbox 250 1653 290 1712; x_wconf 83' lang='lat' dir='ltr'><strong>de</strong></span> <span class='ocrx_word' id='word_1_125' title='bbox 311 1653 514 1712; x_wconf 65' lang='lat' dir='ltr'><strong>subducem</strong></span> <span class='ocrx_word' id='word_1_126' title='bbox 534 1665 634 1712; x_wconf 81' lang='lat' dir='ltr'><strong>cutem</strong></span> <span class='ocrx_word' id='word_1_127' title='bbox 655 1655 796 1713; x_wconf 81' lang='lat' dir='ltr'><strong>ecclesiae</strong></span> <span class='ocrx_word' id='word_1_128' title='bbox 808 1657 1001 1726; x_wconf 79' lang='lat' dir='ltr'><strong>Purr&#39;eiensr&#39;e,</strong></span> <span class='ocrx_word' id='word_1_129' title='bbox 1021 1687 1065 1700; x_wconf 91' lang='lat'><em>-</em></span> <span class='ocrx_word' id='word_1_130' title='bbox 1084 1653 1260 1712; x_wconf 75' lang='lat' dir='ltr'><strong>ordirromus</strong></span> <span class='ocrx_word' id='word_1_131' title='bbox 1273 1651 1359 1733; x_wconf 81' lang='lat' dir='ltr'><strong>qnod</strong></span> 
     </span>
     <span class='ocr_line' id='line_1_17' title="bbox 250 1737 1358 1820; baseline 0 -24"><span class='ocrx_word' id='word_1_132' title='bbox 250 1741 386 1816; x_wconf 82' lang='lat' dir='ltr'><strong>aprime</strong></span> <span class='ocrx_word' id='word_1_133' title='bbox 403 1740 717 1820; x_wconf 72' lang='lat' dir='ltr'><strong>insenbn‘grnduum,</strong></span> <span class='ocrx_word' id='word_1_134' title='bbox 732 1761 791 1819; x_wconf 82' lang='lat' dir='ltr'><strong>per</strong></span> <span class='ocrx_word' id='word_1_135' title='bbox 811 1759 885 1820; x_wconf 80' lang='lat' dir='ltr'><strong>quoe</strong></span> <span class='ocrx_word' id='word_1_136' title='bbox 903 1739 1075 1798; x_wconf 66' lang='lat' dir='ltr'><strong>manditur</strong></span> <span class='ocrx_word' id='word_1_137' title='bbox 1087 1739 1132 1799; x_wconf 80' lang='lat' dir='ltr'><strong>ud</strong></span> <span class='ocrx_word' id='word_1_138' title='bbox 1145 1759 1293 1819; x_wconf 69' lang='lat' dir='ltr'><strong>magnum</strong></span> <span class='ocrx_word' id='word_1_139' title='bbox 1303 1737 1358 1796; x_wconf 84' lang='lat' dir='ltr'><strong>al-</strong></span> 
     </span>
     <span class='ocr_line' id='line_1_18' title="bbox 251 1825 1356 1906; baseline 0.001 -25"><span class='ocrx_word' id='word_1_140' title='bbox 251 1833 329 1896; x_wconf 79' lang='lat' dir='ltr'><strong>tore,</strong></span> <span class='ocrx_word' id='word_1_141' title='bbox 358 1835 387 1881; x_wconf 87' lang='lat' dir='ltr'><strong>et</strong></span> <span class='ocrx_word' id='word_1_142' title='bbox 405 1827 601 1884; x_wconf 74' lang='lat' dir='ltr'><strong>circumcirca</strong></span> <span class='ocrx_word' id='word_1_143' title='bbox 621 1845 769 1906; x_wconf 75' lang='lat' dir='ltr'><strong>maguum</strong></span> <span class='ocrx_word' id='word_1_144' title='bbox 792 1837 820 1884; x_wconf 82' lang='lat' dir='ltr'><strong>et</strong></span> <span class='ocrx_word' id='word_1_145' title='bbox 833 1845 968 1904; x_wconf 77' lang='lat' dir='ltr'><strong>parvum</strong></span> <span class='ocrx_word' id='word_1_146' title='bbox 989 1825 1118 1897; x_wconf 79' lang='lat' dir='ltr'><strong>altaria,</strong></span> <span class='ocrx_word' id='word_1_147' title='bbox 1147 1828 1229 1884; x_wconf 75' lang='lat' dir='ltr'><strong>ineu</strong></span> <span class='ocrx_word' id='word_1_148' title='bbox 1252 1835 1356 1883; x_wconf 77' lang='lat' dir='ltr'><strong>tomen</strong></span> 
     </span>
     <span class='ocr_line' id='line_1_19' title="bbox 250 1908 1357 1990; baseline 0.002 -25"><span class='ocrx_word' id='word_1_149' title='bbox 250 1908 427 1968; x_wconf 73' lang='lat' dir='ltr'><strong>clausurum</strong></span> <span class='ocrx_word' id='word_1_150' title='bbox 450 1931 529 1990; x_wconf 79' lang='lat' dir='ltr'><strong>quoe</strong></span> <span class='ocrx_word' id='word_1_151' title='bbox 548 1910 593 1969; x_wconf 79' lang='lat' dir='ltr'><strong>ibi</strong></span> <span class='ocrx_word' id='word_1_152' title='bbox 611 1923 667 1984; x_wconf 80' lang='lat' dir='ltr'><strong>est,</strong></span> <span class='ocrx_word' id='word_1_153' title='bbox 688 1923 718 1969; x_wconf 84' lang='lat' dir='ltr'><strong>et</strong></span> <span class='ocrx_word' id='word_1_154' title='bbox 733 1933 796 1971; x_wconf 80' lang='lat' dir='ltr'><strong>non</strong></span> <span class='ocrx_word' id='word_1_155' title='bbox 819 1923 915 1983; x_wconf 77' lang='lat' dir='ltr'><strong>ectm,</strong></span> <span class='ocrx_word' id='word_1_156' title='bbox 937 1921 999 1970; x_wconf 84' lang='lat' dir='ltr'><strong>tota</strong></span> <span class='ocrx_word' id='word_1_157' title='bbox 1016 1911 1181 1970; x_wconf 77' lang='lat' dir='ltr'><strong>iurr&#39;eclictrb</strong></span> <span class='ocrx_word' id='word_1_158' title='bbox 1199 1919 1282 1968; x_wconf 86' lang='lat' dir='ltr'><strong>estet</strong></span> <span class='ocrx_word' id='word_1_159' title='bbox 1297 1911 1357 1967; x_wconf 84' lang='lat' dir='ltr'><strong>erit</strong></span> 
     </span>
     <span class='ocr_line' id='line_1_20' title="bbox 250 1995 1355 2078; baseline 0.002 -27"><span class='ocrx_word' id='word_1_160' title='bbox 250 1997 392 2073; x_wconf 78' lang='lat' dir='ltr'><strong>epr&#39;rcopi:</strong></span> <span class='ocrx_word' id='word_1_161' title='bbox 414 1997 449 2053; x_wconf 84' lang='lat' dir='ltr'><strong>in</strong></span> <span class='ocrx_word' id='word_1_162' title='bbox 464 1999 516 2055; x_wconf 80' lang='grc' dir='ltr'><strong>νὶα</strong></span> <span class='ocrx_word' id='word_1_163' title='bbox 529 2007 631 2055; x_wconf 81' lang='lat' dir='ltr'><strong>cutem</strong></span> <span class='ocrx_word' id='word_1_164' title='bbox 647 2000 733 2056; x_wconf 73' lang='grc' dir='ltr'><strong><em>ἰνιααε</em></strong></span> <span class='ocrx_word' id='word_1_165' title='bbox 746 2000 827 2077; x_wconf 72' lang='grc' dir='ltr'><strong><em>ε’μοοο</em></strong></span> <span class='ocrx_word' id='word_1_166' title='bbox 838 1997 970 2078; x_wconf 77' lang='lat' dir='ltr'><strong>gradus,</strong></span> <span class='ocrx_word' id='word_1_167' title='bbox 985 2017 1044 2075; x_wconf 85' lang='lat' dir='ltr'><strong>per</strong></span> <span class='ocrx_word' id='word_1_168' title='bbox 1060 2017 1153 2076; x_wconf 82' lang='lat' dir='ltr'><strong>quum</strong></span> <span class='ocrx_word' id='word_1_169' title='bbox 1165 1999 1228 2053; x_wconf 82' lang='lat' dir='ltr'><strong>itur·</strong></span> <span class='ocrx_word' id='word_1_170' title='bbox 1240 1995 1278 2053; x_wconf 87' lang='lat' dir='ltr'><strong>de</strong></span> <span class='ocrx_word' id='word_1_171' title='bbox 1292 2015 1355 2054; x_wconf 84' lang='lat' dir='ltr'><strong>uno</strong></span> 
     </span>
     <span class='ocr_line' id='line_1_21' title="bbox 249 2081 1356 2161; baseline 0.001 -24"><span class='ocrx_word' id='word_1_172' title='bbox 249 2083 324 2138; x_wconf 75' lang='lat' dir='ltr'><strong>cebo</strong></span> <span class='ocrx_word' id='word_1_173' title='bbox 337 2081 440 2160; x_wconf 84' lang='lat' dir='ltr'><strong>ferreo</strong></span> <span class='ocrx_word' id='word_1_174' title='bbox 460 2081 506 2140; x_wconf 84' lang='lat' dir='ltr'><strong>od</strong></span> <span class='ocrx_word' id='word_1_175' title='bbox 522 2083 613 2140; x_wconf 78' lang='lat' dir='ltr'><strong>cliscd</strong></span> <span class='ocrx_word' id='word_1_176' title='bbox 628 2086 739 2140; x_wconf 65' lang='lat' dir='ltr'><strong>cethem</strong></span> <span class='ocrx_word' id='word_1_177' title='bbox 761 2085 799 2142; x_wconf 81' lang='lat' dir='ltr'><strong>de</strong></span> <span class='ocrx_word' id='word_1_178' title='bbox 819 2095 1001 2153; x_wconf 75' lang='grc' dir='ltr'><strong><em>αααανενεο,</em></strong></span> <span class='ocrx_word' id='word_1_179' title='bbox 1023 2082 1262 2161; x_wconf 76' lang='lat' dir='ltr'><strong>eritpraevmu&#39;c</strong></span> <span class='ocrx_word' id='word_1_180' title='bbox 1276 2081 1356 2138; x_wconf 72' lang='lat' dir='ltr'><strong>mter</strong></span> 
     </span>
     <span class='ocr_line' id='line_1_22' title="bbox 250 2165 1355 2246; baseline 0 -22"><span class='ocrx_word' id='word_1_181' title='bbox 250 2167 422 2244; x_wconf 57' lang='lat' dir='ltr'><strong>episcopum</strong></span> <span class='ocrx_word' id='word_1_182' title='bbox 436 2177 465 2223; x_wconf 83' lang='lat' dir='ltr'><strong>et</strong></span> <span class='ocrx_word' id='word_1_183' title='bbox 477 2167 648 2245; x_wconf 75' lang='lat' dir='ltr'><strong>copr&#39;trdnm</strong></span> <span class='ocrx_word' id='word_1_184' title='bbox 661 2178 718 2227; x_wconf 88' lang='lat' dir='ltr'><strong>etc.</strong></span> <span class='ocrx_word' id='word_1_185' title='bbox 761 2165 816 2228; x_wconf 84' lang='lat' dir='ltr'><strong>sed</strong></span> <span class='ocrx_word' id='word_1_186' title='bbox 827 2177 861 2228; x_wconf 90' lang='lat' dir='ltr'><strong>ut</strong></span> <span class='ocrx_word' id='word_1_187' title='bbox 874 2167 913 2226; x_wconf 90' lang='lat' dir='ltr'><strong>ad</strong></span> <span class='ocrx_word' id='word_1_188' title='bbox 926 2169 1041 2227; x_wconf 89' lang='lat' dir='ltr'><strong>soleam</strong></span> <span class='ocrx_word' id='word_1_189' title='bbox 1053 2178 1193 2242; x_wconf 80' lang='lat' dir='ltr'><strong>revertar,</strong></span> <span class='ocrx_word' id='word_1_190' title='bbox 1215 2185 1285 2246; x_wconf 85' lang='lat' dir='ltr'><strong>pars</strong></span> <span class='ocrx_word' id='word_1_191' title='bbox 1299 2166 1355 2224; x_wconf 80' lang='lat' dir='ltr'><strong>ille</strong></span> 
     </span>
     <span class='ocr_line' id='line_1_23' title="bbox 249 2248 1354 2335; baseline 0.002 -27"><span class='ocrx_word' id='word_1_192' title='bbox 249 2251 357 2330; x_wconf 87' lang='lat' dir='ltr'><strong>templi</strong></span> <span class='ocrx_word' id='word_1_193' title='bbox 370 2252 488 2329; x_wconf 77' lang='lat' dir='ltr'><strong>vulgari</strong></span> <span class='ocrx_word' id='word_1_194' title='bbox 507 2270 541 2309; x_wconf 85' lang='lat' dir='ltr'><strong>eo</strong></span> <span class='ocrx_word' id='word_1_195' title='bbox 558 2262 678 2331; x_wconf 88' lang='lat' dir='ltr'><strong>recepto</strong></span> <span class='ocrx_word' id='word_1_196' title='bbox 691 2252 837 2332; x_wconf 86' lang='lat' dir='ltr'><strong>loquendi</strong></span> <span class='ocrx_word' id='word_1_197' title='bbox 850 2250 941 2313; x_wconf 89' lang='lat' dir='ltr'><strong>modo</strong></span> <span class='ocrx_word' id='word_1_198' title='bbox 955 2255 1040 2335; x_wconf 79' lang='grc' dir='ltr'><strong><em>βῆμα</em></strong></span> <span class='ocrx_word' id='word_1_199' title='bbox 1055 2248 1259 2335; x_wconf 76' lang='grc' dir='ltr'><strong><em>ἆναγνασταῑν</em></strong></span> <span class='ocrx_word' id='word_1_200' title='bbox 1273 2249 1354 2309; x_wconf 82' lang='lat' dir='ltr'><strong>dicu</strong></span> 
     </span>
     <span class='ocr_line' id='line_1_24' title="bbox 249 2334 1354 2417; baseline 0.001 -24"><span class='ocrx_word' id='word_1_201' title='bbox 249 2344 311 2410; x_wconf 83' lang='lat' dir='ltr'><strong>eet,</strong></span> <span class='ocrx_word' id='word_1_202' title='bbox 333 2334 365 2395; x_wconf 88' lang='lat' dir='ltr'><strong>id</strong></span> <span class='ocrx_word' id='word_1_203' title='bbox 381 2345 441 2409; x_wconf 81' lang='lat' dir='ltr'><strong>est,</strong></span> <span class='ocrx_word' id='word_1_204' title='bbox 463 2337 494 2392; x_wconf 92' lang='lat' dir='ltr'><strong>in</strong></span> <span class='ocrx_word' id='word_1_205' title='bbox 508 2355 568 2417; x_wconf 88' lang='lat' dir='ltr'><strong>qua</strong></span> <span class='ocrx_word' id='word_1_206' title='bbox 583 2338 786 2396; x_wconf 85' lang='lat' dir='ltr'><strong>consistebant</strong></span> <span class='ocrx_word' id='word_1_207' title='bbox 796 2339 932 2398; x_wconf 85' lang='lat' dir='ltr'><strong>lectores.</strong></span> <span class='ocrx_word' id='word_1_208' title='bbox 977 2357 1045 2397; x_wconf 89' lang='lat' dir='ltr'><strong>cum</strong></span> <span class='ocrx_word' id='word_1_209' title='bbox 1059 2339 1141 2396; x_wconf 84' lang='lat' dir='ltr'><strong>enim</strong></span> <span class='ocrx_word' id='word_1_210' title='bbox 1155 2341 1187 2396; x_wconf 93' lang='lat' dir='ltr'><strong>in</strong></span> <span class='ocrx_word' id='word_1_211' title='bbox 1198 2338 1288 2395; x_wconf 84' lang='lat' dir='ltr'><strong>berne</strong></span> <span class='ocrx_word' id='word_1_212' title='bbox 1301 2355 1354 2395; x_wconf 88' lang='lat' dir='ltr'><strong>sa-</strong></span> 
     </span>
     <span class='ocr_line' id='line_1_25' title="bbox 250 2420 1354 2504; baseline 0.001 -25"><span class='ocrx_word' id='word_1_213' title='bbox 250 2440 350 2495; x_wconf 90' lang='lat' dir='ltr'><strong>crum,</strong></span> <span class='ocrx_word' id='word_1_214' title='bbox 381 2425 487 2480; x_wconf 85' lang='lat' dir='ltr'><strong>ceteris</strong></span> <span class='ocrx_word' id='word_1_215' title='bbox 515 2425 658 2481; x_wconf 83' lang='lat' dir='ltr'><strong>ecclesiae</strong></span> <span class='ocrx_word' id='word_1_216' title='bbox 681 2425 816 2504; x_wconf 85' lang='lat' dir='ltr'><strong>pertibus</strong></span> <span class='ocrx_word' id='word_1_217' title='bbox 840 2421 966 2498; x_wconf 83' lang='lat' dir='ltr'><strong>editius,</strong></span> <span class='ocrx_word' id='word_1_218' title='bbox 994 2425 1067 2483; x_wconf 86' lang='lat' dir='ltr'><strong>solis</strong></span> <span class='ocrx_word' id='word_1_219' title='bbox 1089 2420 1293 2483; x_wconf 75' lang='lat' dir='ltr'><strong>sacerdotibus</strong></span> <span class='ocrx_word' id='word_1_220' title='bbox 1318 2440 1354 2481; x_wconf 85' lang='lat' dir='ltr'><strong>eo</strong></span> 
     </span>
     <span class='ocr_line' id='line_1_26' title="bbox 250 2504 1354 2588; baseline 0.003 -24"><span class='ocrx_word' id='word_1_221' title='bbox 250 2504 384 2565; x_wconf 82' lang='lat' dir='ltr'><strong>diaconis</strong></span> <span class='ocrx_word' id='word_1_222' title='bbox 413 2509 652 2567; x_wconf 71' lang='lat' dir='ltr'><strong>ministrantibus</strong></span> <span class='ocrx_word' id='word_1_223' title='bbox 681 2507 780 2568; x_wconf 83' lang='lat' dir='ltr'><strong>editus</strong></span> <span class='ocrx_word' id='word_1_224' title='bbox 804 2520 935 2588; x_wconf 80' lang='lat' dir='ltr'><strong>peteret,</strong></span> <span class='ocrx_word' id='word_1_225' title='bbox 966 2506 1143 2568; x_wconf 73' lang='lat' dir='ltr'><strong>subdiaconi</strong></span> <span class='ocrx_word' id='word_1_226' title='bbox 1167 2528 1203 2567; x_wconf 88' lang='lat' dir='ltr'><strong>ao</strong></span> <span class='ocrx_word' id='word_1_227' title='bbox 1226 2508 1354 2567; x_wconf 82' lang='lat' dir='ltr'><strong>lectores</strong></span> 
     </span>
     <span class='ocr_line' id='line_1_27' title="bbox 251 2591 1355 2673; baseline 0.002 -24"><span class='ocrx_word' id='word_1_228' title='bbox 251 2602 337 2649; x_wconf 85' lang='lat' dir='ltr'><strong>extra</strong></span> <span class='ocrx_word' id='word_1_229' title='bbox 361 2592 510 2652; x_wconf 75' lang='lat' dir='ltr'><strong>cancellos</strong></span> <span class='ocrx_word' id='word_1_230' title='bbox 533 2594 667 2653; x_wconf 79' lang='lat' dir='ltr'><strong>insoles</strong></span> <span class='ocrx_word' id='word_1_231' title='bbox 690 2592 815 2673; x_wconf 80' lang='lat' dir='ltr'><strong>perinde</strong></span> <span class='ocrx_word' id='word_1_232' title='bbox 838 2593 955 2655; x_wconf 89' lang='lat' dir='ltr'><strong>editiori</strong></span> <span class='ocrx_word' id='word_1_233' title='bbox 977 2595 1114 2669; x_wconf 81' lang='lat' dir='ltr'><strong>stabunt3</strong></span> <span class='ocrx_word' id='word_1_234' title='bbox 1145 2591 1226 2652; x_wconf 87' lang='lat' dir='ltr'><strong>unde</strong></span> <span class='ocrx_word' id='word_1_235' title='bbox 1248 2610 1355 2651; x_wconf 81' lang='lat' dir='ltr'><strong>eornm</strong></span> 
     </span>
     <span class='ocr_line' id='line_1_28' title="bbox 252 2676 1355 2760; baseline 0.002 -25"><span class='ocrx_word' id='word_1_236' title='bbox 252 2676 341 2735; x_wconf 86' lang='lat' dir='ltr'><strong>bema</strong></span> <span class='ocrx_word' id='word_1_237' title='bbox 357 2678 506 2756; x_wconf 88' lang='lat' dir='ltr'><strong>eppellata</strong></span> <span class='ocrx_word' id='word_1_238' title='bbox 525 2689 586 2753; x_wconf 85' lang='lat' dir='ltr'><strong>est,</strong></span> <span class='ocrx_word' id='word_1_239' title='bbox 609 2678 648 2737; x_wconf 84' lang='lat' dir='ltr'><strong>ed</strong></span> <span class='ocrx_word' id='word_1_240' title='bbox 661 2681 755 2738; x_wconf 82' lang='lat' dir='ltr'><strong>instes</strong></span> <span class='ocrx_word' id='word_1_241' title='bbox 770 2679 897 2739; x_wconf 77' lang='lat' dir='ltr'><strong>bematis</strong></span> <span class='ocrx_word' id='word_1_242' title='bbox 913 2682 1007 2754; x_wconf 81' lang='lat' dir='ltr'><strong>seori,</strong></span> <span class='ocrx_word' id='word_1_243' title='bbox 1028 2682 1061 2739; x_wconf 88' lang='lat' dir='ltr'><strong>in</strong></span> <span class='ocrx_word' id='word_1_244' title='bbox 1077 2697 1137 2760; x_wconf 89' lang='lat' dir='ltr'><strong>qno</strong></span> <span class='ocrx_word' id='word_1_245' title='bbox 1152 2676 1355 2737; x_wconf 72' lang='lat' dir='ltr'><strong>consistebant</strong></span> 
     </span>
     <span class='ocr_line' id='line_1_29' title="bbox 252 2757 1355 2845; baseline 0.003 -24"><span class='ocrx_word' id='word_1_246' title='bbox 252 2760 432 2822; x_wconf 83' lang='lat' dir='ltr'><strong>secerdotes.</strong></span> <span class='ocrx_word' id='word_1_247' title='bbox 474 2761 507 2822; x_wconf 87' lang='lat' dir='ltr'><strong>id</strong></span> <span class='ocrx_word' id='word_1_248' title='bbox 523 2762 650 2823; x_wconf 75' lang='lat' dir='ltr'><strong>adstruit</strong></span> <span class='ocrx_word' id='word_1_249' title='bbox 663 2766 796 2845; x_wconf 83' lang='lat' dir='ltr'><strong>Symeon</strong></span> <span class='ocrx_word' id='word_1_250' title='bbox 808 2764 1106 2825; x_wconf 80' lang='lat' dir='ltr'><strong>Thessalonicensis:</strong></span> <span class='ocrx_word' id='word_1_251' title='bbox 1127 2757 1355 2836; x_wconf 73' lang='lat' dir='ltr'><strong>aicodscuc&#39;muc</strong></span> 
     </span>
     <span class='ocr_line' id='line_1_30' title="bbox 252 2842 1356 2932; baseline -0.002 -21"><span class='ocrx_word' id='word_1_252' title='bbox 252 2848 306 2911; x_wconf 77' lang='lat' dir='ltr'><strong>eet</strong></span> <span class='ocrx_word' id='word_1_253' title='bbox 328 2842 523 2931; x_wconf 67' lang='grc' dir='ltr'><em>ἀναγνώστας</em></span> <span class='ocrx_word' id='word_1_254' title='bbox 541 2855 704 2930; x_wconf 73' lang='grc' dir='ltr'><strong><em>καθῆσθαι</em></strong></span> <span class='ocrx_word' id='word_1_255' title='bbox 723 2848 780 2931; x_wconf 71' lang='grc' dir='ltr'><strong>χροὶ</strong></span> <span class='ocrx_word' id='word_1_256' title='bbox 796 2850 912 2925; x_wconf 72' lang='grc' dir='ltr'><strong><em>Ῑξωθεν</em></strong></span> <span class='ocrx_word' id='word_1_257' title='bbox 926 2850 982 2913; x_wconf 78' lang='grc' dir='ltr'><strong>τοῦ</strong></span> <span class='ocrx_word' id='word_1_258' title='bbox 996 2845 1130 2932; x_wconf 79' lang='grc' dir='ltr'><strong><em>βήματος</em></strong></span> <span class='ocrx_word' id='word_1_259' title='bbox 1141 2844 1219 2930; x_wconf 68' lang='grc' dir='ltr'><strong>προς</strong></span> <span class='ocrx_word' id='word_1_260' title='bbox 1231 2844 1285 2913; x_wconf 78' lang='grc' dir='ltr'><strong>τὸν</strong></span> <span class='ocrx_word' id='word_1_261' title='bbox 1299 2866 1356 2910; x_wconf 87' lang='grc' dir='ltr'><strong>σο-</strong></span> 
     </span>
     <span class='ocr_line' id='line_1_31' title="bbox 252 2929 1356 3018; baseline -0.004 -23"><span class='ocrx_word' id='word_1_262' title='bbox 252 2931 339 3010; x_wconf 70' lang='lat' dir='ltr'><strong>iius,</strong></span> <span class='ocrx_word' id='word_1_263' title='bbox 362 2929 398 3008; x_wconf 62' lang='lat' dir='ltr'><strong>tc</strong></span> <span class='ocrx_word' id='word_1_264' title='bbox 415 2930 454 3014; x_wconf 74' lang='grc' dir='ltr'><em>δὴ</em></span> <span class='ocrx_word' id='word_1_265' title='bbox 473 2934 525 2996; x_wconf 73' lang='grc' dir='ltr'><strong>καὶ</strong></span> <span class='ocrx_word' id='word_1_266' title='bbox 538 2938 622 3017; x_wconf 78' lang='grc' dir='ltr'><strong><em>βῆμα</em></strong></span> <span class='ocrx_word' id='word_1_267' title='bbox 634 2941 766 2998; x_wconf 69' lang='grc' dir='ltr'><strong>καλεῖται</strong></span> <span class='ocrx_word' id='word_1_268' title='bbox 779 2930 991 3018; x_wconf 74' lang='grc' dir='ltr'><strong><em>οἷναγνωστοῖν.</em></strong></span> <span class='ocrx_word' id='word_1_269' title='bbox 1035 2952 1208 3017; x_wconf 76' lang='lat' dir='ltr'><strong>quenquam</strong></span> <span class='ocrx_word' id='word_1_270' title='bbox 1222 2952 1283 2994; x_wconf 92' lang='lat' dir='ltr'><strong>non</strong></span> <span class='ocrx_word' id='word_1_271' title='bbox 1298 2930 1356 2991; x_wconf 87' lang='lat' dir='ltr'><strong>de-</strong></span> 
     </span>
     <span class='ocr_line' id='line_1_32' title="bbox 251 3015 1355 3101; baseline -0.003 -23"><span class='ocrx_word' id='word_1_272' title='bbox 251 3028 324 3078; x_wconf 87' lang='lat' dir='ltr'><strong>sunt</strong></span> <span class='ocrx_word' id='word_1_273' title='bbox 345 3018 398 3100; x_wconf 88' lang='lat' dir='ltr'><strong>qui</strong></span> <span class='ocrx_word' id='word_1_274' title='bbox 419 3021 534 3080; x_wconf 78' lang='lat' dir='ltr'><strong>soleam</strong></span> <span class='ocrx_word' id='word_1_275' title='bbox 555 3025 701 3081; x_wconf 90' lang='lat' dir='ltr'><strong>lectorum</strong></span> <span class='ocrx_word' id='word_1_276' title='bbox 722 3022 813 3081; x_wconf 58' lang='lat' dir='ltr'><strong>mma</strong></span> <span class='ocrx_word' id='word_1_277' title='bbox 835 3040 900 3081; x_wconf 83' lang='lat' dir='ltr'><strong>esse</strong></span> <span class='ocrx_word' id='word_1_278' title='bbox 916 3022 1099 3101; x_wconf 75' lang='lat' dir='ltr'><strong>appellatum</strong></span> <span class='ocrx_word' id='word_1_279' title='bbox 1112 3029 1248 3094; x_wconf 85' lang='lat' dir='ltr'><strong>censent,</strong></span> <span class='ocrx_word' id='word_1_280' title='bbox 1271 3015 1355 3098; x_wconf 87' lang='lat' dir='ltr'><strong>quod</strong></span> 
     </span>
     <span class='ocr_line' id='line_1_33' title="bbox 252 3105 1356 3189; baseline -0.001 -27"><span class='ocrx_word' id='word_1_281' title='bbox 252 3124 288 3163; x_wconf 89' lang='lat' dir='ltr'><strong>ea</strong></span> <span class='ocrx_word' id='word_1_282' title='bbox 310 3107 433 3165; x_wconf 88' lang='lat' dir='ltr'><strong>amboni</strong></span> <span class='ocrx_word' id='word_1_283' title='bbox 456 3105 680 3189; x_wconf 87' lang='lat' dir='ltr'><strong>quodammodo</strong></span> <span class='ocrx_word' id='word_1_284' title='bbox 701 3108 881 3183; x_wconf 79' lang='lat' dir='ltr'><strong>subiaceret,</strong></span> <span class='ocrx_word' id='word_1_285' title='bbox 904 3110 957 3169; x_wconf 87' lang='lat' dir='ltr'><strong>cui</strong></span> <span class='ocrx_word' id='word_1_286' title='bbox 972 3105 1004 3165; x_wconf 89' lang='lat' dir='ltr'><strong>id</strong></span> <span class='ocrx_word' id='word_1_287' title='bbox 1027 3106 1235 3187; x_wconf 72' lang='lat' dir='ltr'><strong>appellationis</strong></span> <span class='ocrx_word' id='word_1_288' title='bbox 1249 3105 1356 3162; x_wconf 81' lang='lat' dir='ltr'><strong>tribuit</strong></span> 
     </span>
     <span class='ocr_line' id='line_1_34' title="bbox 251 3186 1354 3273; baseline 0.001 -25"><span class='ocrx_word' id='word_1_289' title='bbox 251 3188 362 3249; x_wconf 82' lang='lat' dir='ltr'><strong>diserte</strong></span> <span class='ocrx_word' id='word_1_290' title='bbox 376 3192 591 3254; x_wconf 82' lang='lat' dir='ltr'><strong>Sozomenns9</strong></span> <span class='ocrx_word' id='word_1_291' title='bbox 614 3198 652 3257; x_wconf 80' lang='lat'><strong>2:</strong></span> <span class='ocrx_word' id='word_1_292' title='bbox 674 3188 782 3267; x_wconf 72' lang='grc' dir='ltr'><strong><em>εἰκάζω</em></strong></span> <span class='ocrx_word' id='word_1_293' title='bbox 799 3188 897 3273; x_wconf 68' lang='grc' dir='ltr'><strong><em>αὐτήν</em></strong></span> <span class='ocrx_word' id='word_1_294' title='bbox 913 3198 1036 3255; x_wconf 67' lang='lat' dir='ltr'><strong>esicius</strong></span> <span class='ocrx_word' id='word_1_295' title='bbox 1051 3188 1121 3272; x_wconf 73' lang='lat' dir='ltr'><strong>ccccl</strong></span> <span class='ocrx_word' id='word_1_296' title='bbox 1138 3186 1354 3269; x_wconf 66' lang='lat' dir='ltr'><strong>sdv&#39;Apdaevc,</strong></span> 
     </span>
     <span class='ocr_line' id='line_1_35' title="bbox 250 3272 1354 3359; baseline -0.004 -23"><span class='ocrx_word' id='word_1_297' title='bbox 250 3278 336 3356; x_wconf 76' lang='grc' dir='ltr'><strong><em>βῆμα</em></strong></span> <span class='ocrx_word' id='word_1_298' title='bbox 357 3272 391 3336; x_wconf 73' lang='grc' dir='ltr'><strong>δὲ</strong></span> <span class='ocrx_word' id='word_1_299' title='bbox 413 3282 503 3339; x_wconf 75' lang='grc' dir='ltr'><strong><em>ταῦτα</em></strong></span> <span class='ocrx_word' id='word_1_300' title='bbox 530 3282 591 3339; x_wconf 72' lang='grc' dir='ltr'><strong><em>τοῖν</em></strong></span> <span class='ocrx_word' id='word_1_301' title='bbox 614 3272 823 3359; x_wconf 77' lang='grc' dir='ltr'><strong><em>ἆναγναοεῶν.</em></strong></span> <span class='ocrx_word' id='word_1_302' title='bbox 865 3288 895 3337; x_wconf 86' lang='lat' dir='ltr'><strong>et</strong></span> <span class='ocrx_word' id='word_1_303' title='bbox 914 3278 973 3340; x_wconf 90' lang='lat' dir='ltr'><strong>l.8</strong></span> <span class='ocrx_word' id='word_1_304' title='bbox 995 3280 1036 3336; x_wconf 88' lang='lat' dir='ltr'><strong>ait</strong></span> <span class='ocrx_word' id='word_1_305' title='bbox 1054 3278 1088 3337; x_wconf 85' lang='lat' dir='ltr'><strong>S.</strong></span> <span class='ocrx_word' id='word_1_306' title='bbox 1104 3274 1354 3356; x_wconf 81' lang='lat' dir='ltr'><strong>Chrysoatomum</strong></span> 
     </span>
     <span class='ocr_line' id='line_1_36' title="bbox 250 3353 1355 3444; baseline 0.001 -25"><span class='ocrx_word' id='word_1_307' title='bbox 250 3362 417 3419; x_wconf 89' lang='lat' dir='ltr'><strong>oraticnem</strong></span> <span class='ocrx_word' id='word_1_308' title='bbox 440 3360 582 3421; x_wconf 87' lang='lat' dir='ltr'><strong>habuisse</strong></span> <span class='ocrx_word' id='word_1_309' title='bbox 605 3361 644 3422; x_wconf 87' lang='lat' dir='ltr'><strong>ed</strong></span> <span class='ocrx_word' id='word_1_310' title='bbox 668 3365 814 3443; x_wconf 89' lang='lat' dir='ltr'><strong>populum</strong></span> <span class='ocrx_word' id='word_1_311' title='bbox 836 3362 887 3426; x_wconf 68' lang='lat' dir='ltr'><strong>tet</strong></span> <span class='ocrx_word' id='word_1_312' title='bbox 908 3367 967 3425; x_wconf 78' lang='grc' dir='ltr'><strong>τοῦ</strong></span> <span class='ocrx_word' id='word_1_313' title='bbox 983 3358 1119 3444; x_wconf 73' lang='grc' dir='ltr'><strong><em>βήματος</em></strong></span> <span class='ocrx_word' id='word_1_314' title='bbox 1133 3365 1194 3423; x_wconf 73' lang='grc' dir='ltr'><strong><em>ταῖν</em></strong></span> <span class='ocrx_word' id='word_1_315' title='bbox 1212 3353 1355 3441; x_wconf 80' lang='grc' dir='ltr'><strong><em>α’ναγνα·</em></strong></span> 
     </span>
     <span class='ocr_line' id='line_1_37' title="bbox 250 3441 1355 3529; baseline -0.005 -22"><span class='ocrx_word' id='word_1_316' title='bbox 250 3449 330 3507; x_wconf 75' lang='grc' dir='ltr'><strong><em>σνῶν</em></strong></span> <span class='ocrx_word' id='word_1_317' title='bbox 349 3441 566 3525; x_wconf 71' lang='grc' dir='ltr'><strong>καθεζόμενον.</strong></span> <span class='ocrx_word' id='word_1_318' title='bbox 606 3468 706 3529; x_wconf 88' lang='lat' dir='ltr'><strong>neque</strong></span> <span class='ocrx_word' id='word_1_319' title='bbox 729 3451 817 3509; x_wconf 86' lang='lat' dir='ltr'><strong>eliter</strong></span> <span class='ocrx_word' id='word_1_320' title='bbox 842 3450 980 3509; x_wconf 86' lang='lat' dir='ltr'><strong>Socrates</strong></span> <span class='ocrx_word' id='word_1_321' title='bbox 1000 3450 1022 3507; x_wconf 88' lang='lat' dir='ltr'><strong>l.</strong></span> <span class='ocrx_word' id='word_1_322' title='bbox 1035 3450 1071 3524; x_wconf 85' lang='lat'><strong>6,</strong></span> <span class='ocrx_word' id='word_1_323' title='bbox 1094 3448 1146 3506; x_wconf 92' lang='lat' dir='ltr'><strong>ubi</strong></span> <span class='ocrx_word' id='word_1_324' title='bbox 1160 3446 1262 3505; x_wconf 81' lang='lat' dir='ltr'><strong>scribit</strong></span> <span class='ocrx_word' id='word_1_325' title='bbox 1276 3464 1355 3503; x_wconf 88' lang='lat' dir='ltr'><strong>cun-</strong></span> 
     </span>
     <span class='ocr_line' id='line_1_38' title="bbox 249 3522 1356 3615; baseline 0.003 -27"><span class='ocrx_word' id='word_1_326' title='bbox 249 3527 320 3589; x_wconf 90' lang='lat' dir='ltr'><strong>dem</strong></span> <span class='ocrx_word' id='word_1_327' title='bbox 343 3550 385 3590; x_wconf 82' lang='lat' dir='ltr'><strong>ex</strong></span> <span class='ocrx_word' id='word_1_328' title='bbox 406 3533 534 3592; x_wconf 79' lang='lat' dir='ltr'><strong>umbone</strong></span> <span class='ocrx_word' id='word_1_329' title='bbox 548 3542 582 3590; x_wconf 88' lang='lat' dir='ltr'><strong>ut</strong></span> <span class='ocrx_word' id='word_1_330' title='bbox 597 3535 763 3613; x_wconf 87' lang='lat' dir='ltr'><strong>plurimum</strong></span> <span class='ocrx_word' id='word_1_331' title='bbox 777 3531 817 3593; x_wconf 87' lang='lat' dir='ltr'><strong>ed</strong></span> <span class='ocrx_word' id='word_1_332' title='bbox 831 3536 978 3615; x_wconf 86' lang='lat' dir='ltr'><strong>populum</strong></span> <span class='ocrx_word' id='word_1_333' title='bbox 993 3552 1165 3614; x_wconf 73' lang='lat' dir='ltr'><strong>perorasse,</strong></span> <span class='ocrx_word' id='word_1_334' title='bbox 1188 3526 1264 3594; x_wconf 79' lang='grc' dir='ltr'><strong><em>ὅθεν</em></strong></span> <span class='ocrx_word' id='word_1_335' title='bbox 1283 3522 1356 3592; x_wconf 79' lang='lat' dir='ltr'><strong>rioi-</strong></span> 
     </span>
     <span class='ocr_line' id='line_1_39' title="bbox 249 3612 1355 3698; baseline -0.005 -21"><span class='ocrx_word' id='word_1_336' title='bbox 249 3622 302 3678; x_wconf 76' lang='grc' dir='ltr'><strong>θεν</strong></span> <span class='ocrx_word' id='word_1_337' title='bbox 325 3616 378 3679; x_wconf 68' lang='grc' dir='ltr'><strong>καὶ</strong></span> <span class='ocrx_word' id='word_1_338' title='bbox 401 3615 549 3698; x_wconf 72' lang='grc' dir='ltr'><strong>πρότερον</strong></span> <span class='ocrx_word' id='word_1_339' title='bbox 570 3616 693 3698; x_wconf 72' lang='grc' dir='ltr'><strong>ὁμιλεῖν.</strong></span> <span class='ocrx_word' id='word_1_340' title='bbox 733 3622 767 3678; x_wconf 89' lang='lat' dir='ltr'><strong>in</strong></span> <span class='ocrx_word' id='word_1_341' title='bbox 786 3612 1355 3681; x_wconf 73' lang='lat' dir='ltr'><strong>concssionsodtceuocan.15dicun-</strong></span> 
     </span>
     <span class='ocr_line' id='line_1_40' title="bbox 248 3700 1356 3786; baseline -0.002 -26"><span class='ocrx_word' id='word_1_342' title='bbox 248 3710 300 3760; x_wconf 87' lang='lat' dir='ltr'><strong>tur</strong></span> <span class='ocrx_word' id='word_1_343' title='bbox 319 3705 456 3761; x_wconf 85' lang='lat' dir='ltr'><strong>caucnici</strong></span> <span class='ocrx_word' id='word_1_344' title='bbox 477 3704 593 3783; x_wconf 80' lang='lat' dir='ltr'><strong>psaltes</strong></span> <span class='ocrx_word' id='word_1_345' title='bbox 609 3704 661 3767; x_wconf 70' lang='lat' dir='ltr'><strong>tet</strong></span> <span class='ocrx_word' id='word_1_346' title='bbox 674 3700 729 3767; x_wconf 72' lang='lat' dir='ltr'><strong>civ</strong></span> <span class='ocrx_word' id='word_1_347' title='bbox 745 3702 872 3786; x_wconf 75' lang='grc' dir='ltr'><strong><em>ἄμβανα</em></strong></span> <span class='ocrx_word' id='word_1_348' title='bbox 889 3701 1083 3786; x_wconf 68' lang='grc' dir='ltr'><strong><em>ἀναβαίνειν,</em></strong></span> <span class='ocrx_word' id='word_1_349' title='bbox 1105 3712 1135 3761; x_wconf 90' lang='lat' dir='ltr'><strong>et</strong></span> <span class='ocrx_word' id='word_1_350' title='bbox 1152 3704 1185 3761; x_wconf 90' lang='lat' dir='ltr'><strong>in</strong></span> <span class='ocrx_word' id='word_1_351' title='bbox 1198 3702 1275 3759; x_wconf 91' lang='lat' dir='ltr'><strong>libro</strong></span> <span class='ocrx_word' id='word_1_352' title='bbox 1293 3700 1356 3759; x_wconf 82' lang='lat' dir='ltr'><strong>Se·-</strong></span> 
     </span>
     <span class='ocr_line' id='line_1_41' title="bbox 248 3787 1356 3867; baseline -0.003 -22"><span class='ocrx_word' id='word_1_353' title='bbox 248 3798 470 3847; x_wconf 85' lang='lat' dir='ltr'><strong>crameutcrum</strong></span> <span class='ocrx_word' id='word_1_354' title='bbox 489 3789 523 3847; x_wconf 86' lang='lat' dir='ltr'><strong>S.</strong></span> <span class='ocrx_word' id='word_1_355' title='bbox 542 3790 694 3867; x_wconf 82' lang='lat' dir='ltr'><strong>Gregorii:</strong></span> <span class='ocrx_word' id='word_1_356' title='bbox 715 3791 851 3848; x_wconf 79' lang='lat' dir='ltr'><strong>ascendit</strong></span> <span class='ocrx_word' id='word_1_357' title='bbox 873 3790 964 3849; x_wconf 85' lang='lat' dir='ltr'><strong>lector</strong></span> <span class='ocrx_word' id='word_1_358' title='bbox 978 3792 1011 3849; x_wconf 81' lang='lat' dir='ltr'><strong>in</strong></span> <span class='ocrx_word' id='word_1_359' title='bbox 1027 3787 1198 3858; x_wconf 82' lang='lat' dir='ltr'><strong>ambonem,</strong></span> <span class='ocrx_word' id='word_1_360' title='bbox 1214 3806 1356 3865; x_wconf 78' lang='lat' dir='ltr'><strong>pronun-</strong></span> 
     </span>
     <span class='ocr_line' id='line_1_42' title="bbox 249 3870 1357 3956; baseline -0.001 -27"><span class='ocrx_word' id='word_1_361' title='bbox 249 3872 331 3929; x_wconf 78' lang='lat' dir='ltr'><strong>tians</strong></span> <span class='ocrx_word' id='word_1_362' title='bbox 349 3883 406 3931; x_wconf 87' lang='lat' dir='ltr'><strong>eto.</strong></span> <span class='ocrx_word' id='word_1_363' title='bbox 449 3876 491 3930; x_wconf 92' lang='lat' dir='ltr'><strong>ita</strong></span> <span class='ocrx_word' id='word_1_364' title='bbox 511 3870 643 3955; x_wconf 83' lang='lat' dir='ltr'><strong>deniqne</strong></span> <span class='ocrx_word' id='word_1_365' title='bbox 662 3876 695 3934; x_wconf 85' lang='lat' dir='ltr'><strong>S.</strong></span> <span class='ocrx_word' id='word_1_366' title='bbox 718 3877 885 3955; x_wconf 79' lang='lat' dir='ltr'><strong>Cyprianus</strong></span> <span class='ocrx_word' id='word_1_367' title='bbox 907 3897 954 3956; x_wconf 89' lang='lat' dir='ltr'><strong>ep.</strong></span> <span class='ocrx_word' id='word_1_368' title='bbox 976 3872 1182 3941; x_wconf 63' lang='lat' dir='ltr'><strong>illectorem</strong></span> <span class='ocrx_word' id='word_1_369' title='bbox 1203 3876 1244 3931; x_wconf 78' lang='lat' dir='ltr'><strong>eit</strong></span> <span class='ocrx_word' id='word_1_370' title='bbox 1264 3891 1357 3949; x_wconf 84' lang='lat' dir='ltr'><strong>super·</strong></span> 
     </span>
     <span class='ocr_line' id='line_1_43' title="bbox 242 3956 1356 4039; baseline 0.001 -24"><span class='ocrx_word' id='word_1_371' title='bbox 242 3956 414 4037; x_wconf 79' lang='lat' dir='ltr'><strong>pulpitum,</strong></span> <span class='ocrx_word' id='word_1_372' title='bbox 436 3959 471 4016; x_wconf 82' lang='lat' dir='ltr'><strong>s&#39;d</strong></span> <span class='ocrx_word' id='word_1_373' title='bbox 483 3969 525 4016; x_wconf 81' lang='lat' dir='ltr'><strong>est</strong></span> <span class='ocrx_word' id='word_1_374' title='bbox 537 3980 627 4037; x_wconf 71' lang='lat' dir='ltr'><strong>snper</strong></span> <span class='ocrx_word' id='word_1_375' title='bbox 640 3958 783 4031; x_wconf 62' lang='lat' dir='ltr'><strong>tribuual</strong></span> <span class='ocrx_word' id='word_1_376' title='bbox 790 3961 943 4032; x_wconf 77' lang='lat' dir='ltr'><strong>ecclesiae,</strong></span> <span class='ocrx_word' id='word_1_377' title='bbox 960 3963 1131 4039; x_wconf 59' lang='lat' dir='ltr'><strong>dopositum</strong></span> <span class='ocrx_word' id='word_1_378' title='bbox 1146 3958 1251 4038; x_wconf 78' lang='lat' dir='ltr'><strong>legisse</strong></span> <span class='ocrx_word' id='word_1_379' title='bbox 1259 3976 1356 4035; x_wconf 76' lang='lat' dir='ltr'><strong>pmc-</strong></span> 
     </span>
     <span class='ocr_line' id='line_1_44' title="bbox 248 4042 1355 4127; baseline -0.001 -27"><span class='ocrx_word' id='word_1_380' title='bbox 248 4054 336 4121; x_wconf 81' lang='lat' dir='ltr'><strong>ceptu</strong></span> <span class='ocrx_word' id='word_1_381' title='bbox 361 4054 390 4100; x_wconf 84' lang='lat' dir='ltr'><strong>et</strong></span> <span class='ocrx_word' id='word_1_382' title='bbox 412 4042 606 4123; x_wconf 66' lang='lat' dir='ltr'><strong>evangelistes</strong></span> <span class='ocrx_word' id='word_1_383' title='bbox 625 4046 748 4103; x_wconf 74' lang='lat' dir='ltr'><strong>domiui.</strong></span> <span class='ocrx_word' id='word_1_384' title='bbox 796 4049 910 4105; x_wconf 79' lang='lat' dir='ltr'><strong>soleam</strong></span> <span class='ocrx_word' id='word_1_385' title='bbox 930 4044 1132 4127; x_wconf 77' lang='lat' dir='ltr'><strong>sophianam,</strong></span> <span class='ocrx_word' id='word_1_386' title='bbox 1152 4052 1231 4103; x_wconf 89' lang='lat' dir='ltr'><strong>utet</strong></span> <span class='ocrx_word' id='word_1_387' title='bbox 1246 4042 1355 4101; x_wconf 88' lang='lat' dir='ltr'><strong>ambo-</strong></span> 
     </span>
     <span class='ocr_line' id='line_1_45' title="bbox 247 4126 1356 4211; baseline -0.002 -24"><span class='ocrx_word' id='word_1_388' title='bbox 247 4148 335 4203; x_wconf 87' lang='lat' dir='ltr'><strong>nem,</strong></span> <span class='ocrx_word' id='word_1_389' title='bbox 365 4148 407 4187; x_wconf 88' lang='lat' dir='ltr'><strong>ex</strong></span> <span class='ocrx_word' id='word_1_390' title='bbox 428 4129 570 4210; x_wconf 82' lang='lat' dir='ltr'><strong>cuychite</strong></span> <span class='ocrx_word' id='word_1_391' title='bbox 591 4129 709 4211; x_wconf 89' lang='lat' dir='ltr'><strong>lapide,</strong></span> <span class='ocrx_word' id='word_1_392' title='bbox 730 4130 763 4206; x_wconf 70' lang='grc' dir='ltr'><strong>ἐξ</strong></span> <span class='ocrx_word' id='word_1_393' title='bbox 785 4126 923 4211; x_wconf 75' lang='grc' dir='ltr'><strong><em>ὀνυχίεοο</em></strong></span> <span class='ocrx_word' id='word_1_394' title='bbox 946 4136 1052 4208; x_wconf 75' lang='grc' dir='ltr'><strong><em>λίθον,</em></strong></span> <span class='ocrx_word' id='word_1_395' title='bbox 1075 4130 1237 4190; x_wconf 84' lang='lat' dir='ltr'><strong>coniecisse</strong></span> <span class='ocrx_word' id='word_1_396' title='bbox 1261 4129 1356 4185; x_wconf 88' lang='lat' dir='ltr'><strong>lusti-</strong></span> 
     </span>
     <span class='ocr_line' id='line_1_46' title="bbox 247 4213 1355 4298; baseline -0.004 -26"><span class='ocrx_word' id='word_1_397' title='bbox 247 4216 374 4273; x_wconf 80' lang='lat' dir='ltr'><strong>nienum</strong></span> <span class='ocrx_word' id='word_1_398' title='bbox 395 4213 533 4290; x_wconf 87' lang='lat' dir='ltr'><strong>tradunt,</strong></span> <span class='ocrx_word' id='word_1_399' title='bbox 555 4220 608 4298; x_wconf 88' lang='lat' dir='ltr'><strong>qui</strong></span> <span class='ocrx_word' id='word_1_400' title='bbox 630 4227 791 4297; x_wconf 87' lang='lat' dir='ltr'><strong>utrumque</strong></span> <span class='ocrx_word' id='word_1_401' title='bbox 809 4236 879 4277; x_wconf 86' lang='lat' dir='ltr'><strong>casn</strong></span> <span class='ocrx_word' id='word_1_402' title='bbox 899 4218 1007 4276; x_wconf 84' lang='lat' dir='ltr'><strong>trullae</strong></span> <span class='ocrx_word' id='word_1_403' title='bbox 1023 4217 1208 4276; x_wconf 75' lang='lat' dir='ltr'><strong>confractum</strong></span> <span class='ocrx_word' id='word_1_404' title='bbox 1220 4220 1355 4286; x_wconf 79' lang='lat' dir='ltr'><strong>nument,</strong></span> 
     </span>
     <span class='ocr_line' id='line_1_47' title="bbox 248 4298 1355 4387; baseline -0.002 -28"><span class='ocrx_word' id='word_1_405' title='bbox 248 4298 282 4359; x_wconf 85' lang='lat' dir='ltr'><strong>in</strong></span> <span class='ocrx_word' id='word_1_406' title='bbox 297 4300 406 4382; x_wconf 80' lang='lat' dir='ltr'><strong>quibus</strong></span> <span class='ocrx_word' id='word_1_407' title='bbox 420 4311 467 4362; x_wconf 85' lang='lat' dir='ltr'><strong>est</strong></span> <span class='ocrx_word' id='word_1_408' title='bbox 479 4300 644 4363; x_wconf 82' lang='lat' dir='ltr'><strong>Gedrenns.</strong></span> <span class='ocrx_word' id='word_1_409' title='bbox 672 4305 853 4387; x_wconf 80' lang='lat' dir='ltr'><strong>Anonymus</strong></span> <span class='ocrx_word' id='word_1_410' title='bbox 865 4302 961 4367; x_wconf 73' lang='lat' dir='ltr'><strong>mtrltc</strong></span> <span class='ocrx_word' id='word_1_411' title='bbox 973 4303 1181 4385; x_wconf 81' lang='lat' dir='ltr'><strong>pretiosiorem</strong></span> <span class='ocrx_word' id='word_1_412' title='bbox 1195 4298 1355 4361; x_wconf 80' lang='lat' dir='ltr'><strong>describit:</strong></span> 
     </span>
    </p>
   </div>
   <div class='ocr_carea' id='block_1_3' title="bbox 0 0 1504 4850">
    <p class='ocr_par' dir='ltr' id='par_1_3' title="bbox 0 0 1504 4850">
     <span class='ocr_line' id='line_1_48' title="bbox 0 0 1504 4850; baseline 0 0"><span class='ocrx_word' id='word_1_413' title='bbox 0 0 1504 4850; x_wconf 95' lang='lat' dir='ltr'><strong> </strong></span> 
     </span>
    </p>
   </div>
  </div>
 </body>
</html>
