3000 4850
189 301 264 374 156
348 301 410 372 DU
435 301 577 380 canon
596 301 853 374 DESCRIPTIO
876 303 910 372 S.
935 303 1125 374 SOl'HllE.

1492 445 1493 486 l

187 468 393 529 Sabaitarnm:
414 459 509 552 οὗπερ
523 461 745 552 οἲκοτεμὸριενοί
760 491 789 532 τι
805 467 839 533 ci
851 463 957 556 πρῴην
973 469 1098 553 πατέρες
1114 469 1291 538 διακονινδν
1492 489 1493 528 l

184 549 404 635 πεποιήκασιν,
438 552 585 637 ἰσαίτερον
610 553 645 618 dl
670 559 728 618 τοῦ
751 557 929 618 διακονικοῦ
953 563 1191 638 κειμηλιαρχεῖον
1219 557 1290 638 ἥκοι
1492 545 1493 574 ¹

185 637 437 717 carcopcio'umv.
493 639 566 700 hino
591 638 741 700 eiusmodi
770 639 924 700 diaconion
951 647 1119 722 promiscua
1150 642 1290 704 dicuutur

183 728 345 784 terraturio
366 745 402 785 ac
423 746 578 784 sacrorum
602 747 743 787 vanorum
764 729 885 786 aeraria
907 727 1082 787 inlaudata
1106 731 1243 809 Gregorii
1261 749 1287 788 11

182 813 234 868 PP
257 813 401 891 epistola3
423 822 514 892 atque
533 814 576 869 ita
597 813 735 891 usurpari
749 813 863 892 paaaim
877 813 1033 872 observare
1047 825 1101 874 eat.
1147 835 1199 874 our
1214 835 1285 874 vero

182 897 216 954 iu
240 893 393 955 diaconico
415 907 630 976 reponerentur
652 916 736 957 eaora
763 898 906 956 eccleciae
928 901 1107 974 ministeria,
1131 903 1206 959 ratic
1232 901 1287 959 illa

181 984 374 1062 potissimum
387 992 432 1040 est
445 981 528 1063 qnod
543 1003 578 1041 ea
595 1003 693 1042 curae.
702 981 895 1043 diaconcrmn
910 1003 945 1041 ac
958 985 1153 1044 sollicitudini
1166 989 1287 1044 incum-

181 1067 299 1125 berent.
340 1065 474 1126 Isidorus
495 1066 533 1126 de
552 1069 634 1126 llccl.
658 1068 742 1129 offic.
763 1073 784 1133 2
805 1073 839 1134 9:
862 1069 995 1128 ouatodec
1015 1072 1143 1130 coorarir'
1159 1072 1288 1128 Levitae

181 1163 264 1210 aunt:
287 1155 360 1230 ipar'a
373 1155 453 1210 enim
465 1155 582 1212 imaum
594 1163 638 1212 eet
650 1153 797 1212 custodire
809 1153 1038 1214 toberrmcnlum
1051 1168 1080 1214 et
1093 1158 1195 1214 omnio
1209 1173 1286 1216 vaco

183 1237 300 1314 templa}
322 1235 405 1319 qnod
427 1239 519 1296 etiam
539 1236 669 1297 habetur
691 1237 774 1318 apud
795 1241 942 1320 cyrillmu
958 1239 1122 1300 Alexandr.
1139 1242 1193 1299 lib.
1208 1245 1228 1305 3
1246 1239 1285 1300 da

181 1320 306 1382 Adorat·
348 1321 420 1381 inde
438 1323 502 1383 illia
516 1343 552 1382 ea
567 1344 660 1382 manu
674 1327 864 1403 contingere,
889 1338 1066 1385 nouantem
1082 1324 1284 1403 subdiaconis,

181 1408 310 1483 licebat3
339 1418 369 1466 et
390 1417 424 1466 ut
444 1411 486 1467 ait
506 1411 667 1468 concilium
688 1409 893 1469 Laodicennm
912 1431 978 1469 can.
999 1415 1057 1486 21,
1081 1405 1119 1474 ου’
1141 1413 1190 1474 dei
1207 1410 1285 1492 ἔχειν

76 1487 99 1539 Ρ
115 1488 168 1546 598
184 1490 336 1573 ὑπηρέτας
349 1487 451 1575 χώραν
462 1493 496 1556 ἐν
508 1498 552 1579 κρῖ
563 1496 729 1580 διακονικρῖ
737 1494 789 1558 καὶ
800 1490 951 1558 ἅπτεσθαι
960 1495 1146 1560 decantanda
1156 1501 1283 1561 σκευοῖν.

182 1597 260 1658 quae
275 1576 399 1658 quidem
413 1581 455 1637 ita
468 1583 557 1638 vertit
571 1581 733 1640 concilium
744 1578 918 1658 Agathense
933 1601 999 1640 can.
1013 1586 1072 1647 66:
1095 1603 1156 1640 non
1171 1593 1286 1659 oportet

181 1665 349 1721 insacratos
360 1666 511 1722 ministrae
523 1665 675 1725 licentium
685 1665 795 1724 haban
806 1669 839 1724 in
850 1669 1055 1738 cantatorium,
1077 1667 1159 1748 quod
1173 1669 1286 1726 Graeci

180 1749 371 1808 drumnicm
392 1750 564 1827 appellunt,
584 1752 704 1831 ingredi
717 1762 746 1809 et
759 1754 929 1832 contingere
945 1773 1020 1812 voca
1033 1753 1197 1824 domnico,
1218 1756 1283 1812 sire

181 1853 218 1893 ea
240 1835 331 1893 verba
353 1835 551 1914 intelligenda
572 1839 633 1895 aiut
654 1835 692 1896 de
708 1838 817 1896 maiori
833 1835 1001 1912 diaconico,
1023 1841 1087 1896 sive
1106 1837 1144 1897 de
1162 1840 1283 1912 minori,

179 1918 213 1978 id
228 1930 274 1979 eat
286 1919 433 1979 conchula
446 1922 572 1980 bematis
585 1925 629 1980 ita
642 1933 830 2000 nuncupata,
852 1933 987 2002 utsupra
1001 1926 1183 1983 monuimus.
1227 1943 1283 1981 re-

178 2025 248 2064 rum
264 2004 347 2086 quod
361 2003 400 2064 ad
412 2026 551 2066 ranorum
563 2026 716 2066 sacrorum
729 2027 832 2066 curam
843 2011 981 2086 primitus
994 2007 1127 2068 diaconia
1141 2010 1282 2067 collatam

180 2094 302 2166 attinet,
323 2089 357 2150 id
382 2090 576 2170 postmodum
597 2093 808 2152 immutatum:
838 2113 942 2152 eorum
967 2095 1049 2152 enim
1073 2095 1127 2152 illa
1149 2095 1181 2151 in
1206 2092 1282 2152 aede

178 2174 334 2255 Scphiana
356 2174 425 2235 data
445 2189 491 2236 eet
510 2197 623 2256 magno
646 2175 874 2258 sceuophylaci,
897 2176 934 2236 de
949 2197 1009 2258 qua
1021 2177 1167 2258 dignitate
1183 2180 1282 2237 eccle-

178 2263 298 2320 aiaatica
311 2264 426 2341 passim
439 2263 495 2320 riri
507 2261 587 2321 docti
600 2282 698 2340 egere,
724 2266 781 2337 cui,
805 2273 838 2321 ut
850 2260 907 2344 'pm
922 2273 968 2322 est
983 2262 1115 2339 credere,
1138 2265 1282 2323 suberant

104 2348 108 2362 “
178 2345 309 2406 diaconi.
352 2366 440 2427 porro
454 2345 678 2428 sceuophyleoii
693 2346 840 2428 Sophiani
851 2350 992 2408 meminit
1002 2353 1197 2431 Anonymna:
1220 2348 1282 2411 ἔστι

177 2429 212 2497 δὲ
235 2432 253 2496 c‘
272 2427 368 2507 τόκος
389 2436 452 2495 τοῖν
473 2428 647 2513 οἰκημάτων
669 2428 781 2513 αὐτῆς,
812 2430 849 2498 ‘dv
872 2433 1001 2498 δέδωκεν
1018 2436 1061 2510 εἰς
1075 2433 1134 2516 κήν
1149 2430 1299 2517 μεγάλην,

178 2517 352 2597 ἐκκλησίαν,
371 2516 405 2580 ni
418 2515 662 2596 cnencpvlcimov
673 2514 755 2594 ἀ’λον,
778 2514 836 2581 cciv
848 2523 890 2603 τῷ
901 2524 969 2603 rapi
980 2525 1035 2583 κσῦ
1048 2520 1138 2605 clylcn
1152 2520 1281 2603 Πέτρου.

176 2601 234 2664 aed
248 2622 308 2683 quc
320 2606 511 2682 potissimum
523 2605 591 2664 loco
605 2607 755 2665 exstiterit
770 2603 959 2665 diaconicum
974 2607 1065 2681 clim,
1089 2626 1145 2666 eeu
1158 2608 1190 2665 in
1206 2604 1282 2665 aede

178 2686 334 2767 Sophiana
351 2708 405 2747 aen
423 2691 457 2747 in
477 2692 581 2750 cetaria
597 2690 761 2749 maioribus
777 2691 928 2765 ecclesiia,
951 2692 1002 2749 vel
1018 2711 1094 2772 quae
1109 2690 1281 2770 sceuophy-

175 2774 247 2833 lacii
267 2775 399 2833 vestiarii
418 2778 569 2834 secretarii
591 2787 621 2834 ct
643 2776 711 2835 aliia
725 2777 899 2835 nominibus
917 2774 1046 2836 donatur
1061 2778 1152 2857 vulgo
1167 2775 1281 2835 exedra

175 2858 246 2919 aedi
259 2878 360 2919 sacrae
374 2858 529 2936 adiuncta,
551 2881 613 2920 non
627 2860 702 2920 adeo
716 2872 891 2942 promptum
906 2872 951 2921 eat
966 2864 1096 2943 assequi.
1138 2864 1280 2937 Allatiua,

175 2948 223 3004 uti
236 2965 326 3026 cupra
343 2943 492 3022 diximus,
514 2945 700 3006 diaconicum
710 2966 775 3005 rem
787 2966 909 3026 prorsus
923 2944 1073 3007 diversam
1089 2950 1279 3007 aeecretatio

175 3030 267 3107 facit,
290 3030 504 3113 contenditquc
525 3052 591 3092 eoae
613 3030 759 3092 concham
774 3034 861 3091 illam
876 3052 953 3113 quaa
968 3036 1188 3114 θυσιαστηρίου
1205 3052 1280 3093 cou-

176 3114 269 3192 chae,
292 3116 399 3176 aedem
413 3116 453 3175 ad
467 3120 619 3177 einutram
635 3118 824 3192 ineuntibus,
847 3116 1035 3197 adiungitur,
1058 3119 1111 3176 ubi
1128 3138 1280 3196 σκευοφυ-

173 3204 281 3265 λακίου
306 3212 336 3262 et
357 3204 534 3267 διακονικοιῑ
555 3198 685 3284 τράπεζα
706 3205 862 3277 statuitur,
885 3202 1141 3283 quemadmodum
1159 3224 1280 3263 nunon-

173 3298 263 3368 patnr
286 3307 303 3345 a
325 3289 477 3366 Symeouc
498 3285 773 3348 Themalcniceoai.
823 3308 929 3348 verum
952 3292 1009 3349 etei
1027 3293 1060 3348 in
1080 3290 1216 3349 confesso
1239 3290 1279 3348 ait

173 3392 243 3432 eam
263 3370 444 3431 conchulam
464 3372 653 3433 diaconicum
674 3375 856 3453 appellatam
876 3375 988 3451 fuiaae,
1008 3394 1069 3434 nou
1091 3373 1160 3435 ideo
1176 3385 1279 3433 tamen

173 3459 310 3539 requitur
333 3457 496 3534 exedram,
528 3478 621 3539 quam
642 3460 736 3539 vulgo
755 3461 925 3519 sacristiam
947 3480 1107 3535 vocamur,
1131 3459 1278 3519 diaconici

174 3544 410 3624 appellationem
434 3563 497 3603 non
523 3541 680 3605 habuoe:
711 3564 802 3621 nam,
831 3548 877 3603 uti
898 3566 988 3626 supra
1008 3548 1200 3605 observatum
1221 3556 1278 3619 eat,

172 3626 320 3688 conchula
344 3631 404 3689 iata
425 3628 616 3690 diaconicum
640 3630 792 3711 appellata
814 3640 876 3707 eat,
906 3629 995 3712 quod¹
1009 3632 1042 3691 in
1065 3650 1101 3690 ea
1122 3632 1214 3689 allata
1235 3648 1277 3691 ex

106 3780 111 3785 ,
170 3717 285 3773 maiora
310 3711 464 3775 diaconico
486 3735 570 3776 sacra
588 3734 662 3775 vara
685 3726 777 3797 atque
801 3713 877 3775 a'dec
898 3728 997 3777 veatae
1019 3712 1219 3777 sacerdotales
1237 3714 1278 3774 ad

170 3798 327 3880 liturgiam
340 3820 456 3859 sacram
470 3799 674 3881 peragendam
684 3803 870 3861 necessariae
883 3813 1109 3884 reponerentur.
1150 3802 1278 3881 planum

172 3889 255 3944 enim
271 3906 337 3945 aeae
353 3906 421 3945 reor
434 3908 475 3946 ex
489 3888 661 3967 praeallatia
676 3885 866 3947 diaconicum
878 3886 1022 3947 exedram
1034 3888 1128 3947 fuisse
1142 3884 1211 3946 aedi
1225 3906 1277 3945 sa-

173 3991 242 4031 crae
260 3972 446 4047 adiunctam,
468 3971 594 4052 proinde
618 3993 637 4032 a
657 3974 777 4032 bematc
800 3974 950 4033 reclusam
965 3984 995 4033 et
1010 3985 1172 4049 remotam,
1194 3969 1278 4052 quod

173 4067 204 4115 et
220 4056 332 4116 indicat
346 4056 429 4116 idem
442 4059 592 4138 Symeon,
615 4057 689 4117 dum
702 4059 805 4118 scribit
820 4060 995 4139 episcopum
1009 4056 1243 4119 consecrandum
1259 4077 1277 4114 a

172 4141 327 4203 diaconico
354 4142 394 4201 ad
419 4130 509 4203 lema
537 4142 700 4226 procedere
725 4164 780 4224 per
802 4148 909 4223 templi
933 4144 1074 4205 dextram
1096 4155 1127 4204 et
1153 4145 1277 4217 soleam,

172 4224 225 4291 tut
246 4233 304 4293 τοῦ
322 4230 425 4304 δεξιοῦ
449 4228 560 4313 μέρους
579 4234 637 4292 τοῦ
659 4235 739 4292 ναοῦ
761 4227 812 4292 καὶ
833 4236 890 4295 τοῦ
907 4230 1040 4307 culina,
1061 4229 1279 4290 deducentibus

173 4334 245 4377 erun
268 4313 474 4379 cacerdotibm
495 4327 527 4377 et
546 4315 674 4377 diacono
696 4324 880 4397 praeeunte3
913 4318 966 4377 ubi
988 4334 1044 4399 per
1065 4315 1205 4377 dextram
1224 4314 1281 4378 κοιῖ
