3000 4850
474 336 730 409 nnscnwno
754 337 790 407 S·
814 337 1007 410 SOPHIAE.
1217 333 1292 413 155

187 515 351 590 antequem
371 503 412 566 ed
429 503 521 566 berno
542 525 598 567 seu
619 499 660 566 ed
682 503 776 566 altore
794 503 1007 588 procederent,
1028 501 1293 569 fidelium'sclnts-

187 597 285 654 tiones
306 594 497 674 exciperent,
519 612 573 653 sen
592 593 717 652 illorum
730 613 764 652 se
781 594 964 653 orationibus
988 593 1215 672 commendare,
1238 615 1294 655 sen

189 679 226 738 de
240 681 389 759 negotiis,
412 679 619 738 ecclesiasticis
632 681 829 758 praesertim,
852 698 922 738 cum
933 681 971 738 iis
987 699 1076 759 agere
1092 681 1217 740 vellent.
1260 679 1296 740 id

188 767 380 845 potissimum
394 765 546 844 colligitur
560 783 601 823 ex
614 766 759 844 Gregorio
773 767 817 823 M.
829 765 852 822 l.
866 762 888 827 4
903 766 990 843 epist.
1005 765 1047 830 54
1061 775 1091 824 et
1104 768 1155 840 98,
1176 769 1209 824 in
1224 767 1296 848 qui-

188 851 244 909 bns
265 851 449 931 praecipitur
470 851 619 930 episcopis
640 860 692 908 ent
716 847 966 930 archiepiscopis,
988 849 1118 910 dimissis
1139 853 1204 909 iam
1212 851 1297 928 filiis

190 935 342 1009 meteone,
364 958 385 994 a
408 935 585 995 salutaton'o
604 935 650 994 ad
669 955 758 994 saera
779 938 940 994 missorum
962 935 1097 994 colonnia
1115 935 1296 995 celebrantia

190 1041 258 1080 cum
278 1023 375 1101 pallio
394 1019 574 1102 procedere3
600 1031 631 1080 et
651 1021 786 1102 Sulpicio
806 1021 918 1081 Severo
938 1022 1017 1080 Dinl.
1035 1019 1073 1080 de
1087 1021 1149 1080 vite
1164 1023 1197 1082 S.
1211 1024 1297 1080 Mor-

190 1108 280 1170 tini2
304 1113 337 1182 1,
357 1108 411 1166 nbi
432 1105 551 1167 disertis
569 1107 669 1166 verbis
692 1105 832 1166 dicuntur
848 1105 1016 1186 presbyteri
1029 1109 1061 1164 in
1078 1110 1233 1166 secretario
1248 1127 1297 1166 ce-
1387 1157 1390 1164 .

191 1193 271 1263 dere,
302 1193 355 1250 vei
373 1191 607 1251 catenationibus
629 1203 772 1252 vacantes
792 1191 842 1252 vel
863 1192 1023 1250 nudandie
1047 1193 1298 1272 negotiotsonibas

191 1281 342 1356 occupato}
372 1297 432 1358 qno
454 1289 527 1336 tunc
545 1289 682 1357 ternpore
699 1285 840 1336 vetentur
860 1277 980 1336 dinconi
1000 1280 1033 1336 in
1050 1281 1208 1338 secretorio
1228 1298 1299 1338 cnm

190 1363 373 1444 presbyteris
386 1361 492 1422 cedere
503 1365 537 1421 in
552 1363 660 1423 concil.
674 1363 788 1422 Arelnt.
803 1381 845 1440 11,
869 1367 914 1422 nti
930 1383 1020 1443 supro
1035 1363 1227 1422 observatum
1242 1375 1299 1424 est.

193 1458 271 1508 certe
290 1449 465 1530 pontificem
480 1469 563 1508 secra
578 1450 746 1525 facturum,
769 1457 932 1528 antequem
950 1447 989 1507 nd
1006 1450 1099 1507 sltore
1111 1447 1298 1530 procederet,

192 1533 365 1595 ndicconis
387 1536 512 1594 solutori
535 1536 693 1594 observare
713 1544 760 1593 est
780 1551 820 1593 ex
839 1532 944 1593 ordine
958 1537 1113 1594 Romano:
1142 1555 1211 1592 cum
1228 1555 1298 1594 vero

193 1620 348 1678 coelectam
371 1621 517 1678 introierit
535 1620 686 1700 pontifex,
716 1639 778 1678 non
799 1620 935 1678 aseendit
958 1621 1098 1678 continno
1120 1621 1165 1678 ad
1185 1620 1299 1692 altare,

192 1705 246 1763 sed
258 1708 350 1784 pricos
368 1707 464 1764 intrat
485 1709 518 1764 in
538 1708 744 1764 secretariam:
765 1737 810 1750 -
831 1703 886 1762 nbi
898 1724 968 1763 oum
982 1706 1153 1776 intraverit,
1169 1706 1251 1764 sedet
1265 1709 1299 1764 in

192 1790 267 1848 seila
289 1811 362 1862 sua,
384 1802 413 1848 et
432 1791 554 1849 &neoni
571 1790 704 1849 edunto
714 1789 858 1870 ponttfloe
872 1791 1066 1870 egredientur
1077 1791 1115 1848 de
1128 1793 1301 1865 secretario,-

192 1879 312 1936 temetsi
325 1874 401 1935 hoec
412 1877 505 1936 verbo
519 1874 556 1935 de
571 1876 751 1935 sanctione
762 1877 858 1956 accipi
872 1895 962 1956 posse
974 1895 1036 1934 non
1051 1873 1191 1951 diffiteor,
1206 1893 1300 1958 quom

194 1959 342 2021 exhibent
366 1960 485 2020 diaconi
506 1963 683 2042 prinsquam
701 1982 718 2019 e
737 1963 895 2020 secretorio
910 1958 1069 2020 excedent.
1111 1979 1168 2019 nec
1182 1963 1243 2020 scio
1260 1979 1301 2020 nn

195 2049 286 2106 etiem
305 2050 339 2104 in
359 2047 535 2107 salutatorio
553 2049 755 2107 salutarentur
771 2047 903 2127 episcopi
919 2047 1131 2126 opresbyteris
1145 2045 1303 2106 dioecese-

192 2135 251 2191 nis.
284 2134 318 2191 in
334 2133 463 2193 concilio
479 2135 591 2213 quippe
605 2135 738 2191 Nioceno
751 2132 843 2191 Arsb.
857 2151 883 2190 c.
899 2131 939 2195 55
954 2133 1138 2211 praecipitur
1151 2143 1185 2190 nt
1198 2131 1303 2190 elsore·

191 2220 334 2297 piscopue
347 2217 393 2276 bis
401 2238 459 2298 per
470 2239 587 2276 monum
599 2227 759 2298 congreget
772 2216 959 2296 presbyteros
970 2217 1015 2276 ad
1025 2215 1224 2292 calumniam
1238 2219 1304 2296 epi·

193 2323 318 2382 scopum
340 2314 370 2362 et
389 2303 570 2362 tradendrsm
588 2323 620 2361 se
640 2306 668 2362 ei
686 2314 715 2362 et
733 2304 971 2362 communionem
986 2323 1056 2361 enm
1069 2323 1101 2360 eo
1115 2301 1304 2376 habendam,

195 2399 224 2447 et
231 2389 409 2470 prandeant
422 2411 492 2449 cnm
506 2409 553 2462 eo,
565 2389 689 2471 fiatque
702 2389 760 2448 hoe
772 2392 909 2470 primam
924 2389 957 2447 in
969 2390 1050 2447 exitrt
1063 2391 1152 2463 anni,
1173 2387 1304 2450 secondo

193 2494 263 2534 vero
281 2478 316 2533 in
327 2476 412 2555 secto
436 2475 751 2535 macedoniana.
769 2478 839 2537 Ieou
853 2475 977 2535 Christi.
1022 2477 1170 2536 incertum
1190 2478 1305 2557 pariter

193 2580 233 2619 on
256 2558 297 2619 ed
321 2559 377 2621 hos
397 2562 592 2621 salutationes
611 2560 749 2620 fidelium
769 2562 874 2621 referri
890 2558 999 2621 debent
1013 2580 1109 2621 conon
1124 2564 1165 2625 12
1182 2561 1304 2621 concilii

192 2646 367 2707 {lirinensis
381 2648 437 2707 sub
450 2649 553 2705 Leone
567 2666 602 2705 rr
614 2648 682 2722 PP,
705 2664 766 2727 qno
781 2644 978 2728 prohibentur
991 2650 1178 2727 pnenitentes
1193 2664 1304 2705 vocare

192 2730 441 2805 ulutatsonibrse,
461 2735 505 2791 ite
520 2743 556 2791 nt
568 2734 606 2791 iis
620 2731 813 2793 interdictum
831 2734 923 2793 fuerit
940 2730 1108 2793 secerdotes
1122 2734 1155 2791 in
1169 2742 1303 2793 secrete-

193 2818 241 2875 rio
263 2819 408 2895 solutore,
437 2814 522 2900 quod
535 2816 675 2877 fidelibus
693 2819 820 2894 licebat,
840 2818 894 2882 vel
913 2828 992 2877 certe
1017 2816 1099 2878 dorni
1122 2818 1302 2877 salutatores

193 2900 365 2963 admittere.
408 2900 665 2985 quemadmodum
687 2916 789 2963 nutem
810 2906 987 2985 episcopiin
999 2904 1164 2963 secretariis
1186 2904 1303 2963 solute-

194 2989 329 3048 ticnibus
350 2991 513 3066 vocabant,
532 2991 576 3047 ito
589 2998 621 3049 et
635 2989 812 3050 abbatissae.
856 2993 968 3070 quippe
986 2990 1018 3047 in
1037 2990 1154 3069 Regulo
1173 2989 1207 3047 S.
1222 2990 1302 3047 Gne-

194 3076 269 3133 snrii
286 3095 313 3133 o.
327 3078 369 3139 86
390 3086 420 3134 et
439 3078 515 3155 Reg.
530 3076 564 3135 Β.
575 3077 686 3134 Donati
703 3095 729 3133 c.
747 3076 789 3141 57
808 3073 884 3133 hoec
901 3074 992 3133 verbe
1011 3072 1179 3133 habenturt
1201 3073 1303 3132 obser-

194 3160 333 3220 vandum
350 3170 394 3219 eet
411 3180 450 3219 ne
465 3158 621 3219 abbatissa
632 3160 678 3220 ad
688 3161 885 3219 salutationes
903 3162 936 3217 in
953 3158 1165 3219 salutatorium
1177 3162 1242 3217 sine
1253 3159 1305 3219 dt-

192 3266 259 3327 gno
279 3246 392 3305 honore
415 3266 481 3322 etto,
505 3246 563 3305 hoe
574 3243 691 3305 estsine
707 3240 828 3307 &mbae
839 3256 895 3304 ant
907 3244 1003 3304 tribuo
1015 3244 1178 3317 sororibus,
1194 3264 1306 3324 prooe-

196 3331 262 3389 dat.
307 3342 338 3390 et
354 3352 381 3391 c.
397 3329 457 3397 40:
478 3332 507 3389 si
519 3329 688 3405 abbatissa,
709 3344 746 3391 nt
758 3332 879 3403 assolet,
901 3352 970 3390 eum
985 3330 1201 3390 salutatoribno
1214 3350 1305 3390 oocu-

191 3427 272 3496 poto
282 3417 395 3498 suerit.
441 3424 472 3476 et
492 3419 525 3476 in
545 3419 804 3499 Recepitnletione
822 3418 957 3497 Regulne
978 3419 1012 3477 S.
1034 3418 1166 3477 Caesarii
1187 3420 1251 3481 c.8
1276 3424 1307 3475 et

196 3504 315 3582 Regulo
335 3504 367 3563 S.
389 3503 546 3561 Aureliani
567 3506 669 3584 llpisc.
690 3524 718 3563 c.
739 3508 756 3567 1
780 3506 964 3584 praecipitur
982 3514 1018 3563 ut
1036 3522 1242 3583 quaecumque
1264 3501 1310 3560 ad

196 3592 419 3647 conversionem
437 3591 564 3661 venero,
584 3590 694 3670 regula
713 3590 742 3647 ei
757 3592 790 3648 in
805 3588 981 3647 salutatorio
998 3590 1128 3669 legatur.
1175 3588 1307 3669 denique

193 3675 229 3733 in
241 3676 379 3734 Concilio
390 3674 548 3734 Matiscon.
561 3693 574 3733 1
591 3694 657 3734 cen.
670 3678 692 3739 2
708 3685 848 3734 vetentur
862 3677 922 3733 viri
932 3677 1013 3734 intra
1027 3674 1240 3733 salutatorium
1253 3683 1310 3731 ant

195 3762 364 3818 oratorium
386 3763 561 3818 necnaoters‘i
583 3762 739 3841 vaginam
758 3764 885 3832 intrare,
907 3762 1017 3843 quibus
1034 3771 1233 3821 consentaneo
1248 3757 1308 3817 hc-

194 3846 308 3904 bentur
323 3847 357 3903 in
369 3846 487 3925 Regulo
501 3847 535 3907 S.
547 3848 705 3907 Aureliani
717 3844 803 3911 c1l.
837 3847 947 3928 qulbus
960 3850 994 3907 in
1006 3848 1080 3907 locis
1094 3846 1308 3906 salmatorinm

194 3928 281 3989 idem
300 3942 346 3989 est
363 3930 444 4013 quod
460 3934 653 3991 secretariam
669 3942 700 3992 et
713 3933 914 3992 diatonicum.

282 4019 336 4081 89.
378 4020 444 4076 lom
463 4036 535 4076 vero
555 4038 625 4078 onrn
643 4020 677 4077 in
698 4020 894 4080 ecclesiarum
912 4018 1078 4077 secretariis
1095 4036 1130 4074 nc
1144 4013 1307 4074 diaconicis

197 4112 423 4162 asservarentur
440 4122 524 4163 encre
539 4124 612 4164 rosa
626 4125 696 4180 seu,
718 4107 764 4164 uti
781 4114 890 4165 vocant
907 4104 998 4183 vulgo
1017 4104 1191 4181 scriptores,
1213 4100 1308 4158 mini-

198 4189 307 4262 steris,
328 4187 401 4247 inde
422 4190 537 4248 fectum
554 4200 590 4249 nt
612 4189 695 4273 quod
709 4192 777 4251 eliis
794 4190 982 4251 diaconicum
999 4200 1028 4248 et
1045 4189 1236 4247 secretarium
1252 4194 1307 4257 est,

199 4272 353 4331 interdum
375 4284 406 4333 et
425 4294 515 4355 ssepc
533 4272 777 4355 σκευοφυλᾶκιον
797 4276 981 4359 appelletur,
1004 4271 1086 4354 quod
1105 4272 1309 4331 exstitissent

200 4359 367 4439 plurimum
384 4362 418 4420 in
438 4362 581 4423 interiore
599 4361 747 4425 diaconici
757 4372 843 4446 perte
855 4358 987 4424 ostendit
998 4358 1102 4419 Passio
1116 4358 1173 4419 SS.
1187 4366 1308 4439 petrum
