3000 4850
227 254 317 340 ⁹4.
388 250 403 275 ⁸
477 253 691 341 ounuclus
714 253 762 323 m
786 252 1092 327 EXPEDITIONIS

230 420 435 505 gratissimam
462 418 594 483 bostiam
617 420 827 481 immolabant.
886 438 1008 481 eausam
1043 416 1185 498 adsignat
1209 416 1339 479 Ovidius

232 511 318 571 Fart-
343 511 363 572 1
394 505 467 573 386·
524 505 596 569 vide
613 508 804 568 Brissonium
825 502 876 565 dei
885 524 949 585 reg.
970 508 1058 567 Pers.
1074 506 1205 585 prinoip.
1224 505 1280 563 lib.
1305 510 1338 569 2.

168 610 176 621 ·
231 614 323 655 nemo
343 603 464 672 tamen,
486 591 570 673 quod
590 594 701 669 seiam,
725 590 804 655 dixit
826 588 910 673 quod
932 587 1035 651 Pisida
1058 589 1203 664 affirmet,
1226 609 1339 670 equum

115 698 127 721 ·
234 678 318 760 apud
346 681 454 738 Persas
484 675 624 738 babitiun
655 697 721 737 esse
750 674 853 751 demo.
903 672 1074 736 Herodotus
1095 674 1223 757 quidem
1243 674 1340 745 hm

230 787 267 850 p.
286 764 347 827 401
371 782 466 845 equos
484 762 632 845 quosdam
644 765 711 823 lovi
723 782 824 823 sauros
837 765 870 821 in
883 761 1006 823 Perside
1019 762 1114 821 frrisse
1128 772 1240 819 narrat.
1282 780 1342 819 neo

18 870 21 887 ’
108 895 112 904 .
235 852 274 909 ab
291 846 448 910 iles-odota
470 847 609 909 dissentit
630 851 781 925 Inuum,
803 851 857 930 qui
876 848 931 907 lib.
954 850 973 911 1
996 849 1037 910 10
1057 846 1077 911 5
1100 866 1195 928 equos
1214 846 1271 907 soli
1287 865 1340 905 sn·-

235 945 332 995 'eratos
349 931 492 995 babuisse
513 938 623 998 Perses
641 944 778 995 tesuorr.
821 931 876 993 sed
896 952 967 993 eum
983 930 1088 992 Pisida
1102 933 1166 993 iere
1179 929 1341 991 coneordat

235 1022 372 1094 curtius,
393 1021 448 1101 qui
468 1023 489 1085 8
511 1025 531 1085 8
552 1037 698 1102 pompam
717 1029 749 1079 at
770 1017 922 1093 ordinem,
950 1037 1011 1100 quo
1031 1036 1143 1097 agmen
1161 1018 1247 1075 Darii
1266 1036 1341 1095 pro·
1358 1047 1372 1075 t

234 1104 375 1179 sedebat,
398 1101 571 1166 describens
589 1109 650 1165 eit:
675 1126 801 1165 numm
822 1104 930 1163 deinde
948 1106 1017 1163 Ιονί
1033 1114 1189 1163 moranno
1207 1100 1341 1160 athana

234 1188 474 1270 vehebantequi.
519 1183 713 1251 bmeiimioe
727 1190 1076 1273 marmoratum,
1097 1186 1342 1269 quaomltbap-

229 1274 405 1356 pellebant,
425 1272 614 1356 sequebatur.

319 1364 373 1425 26.
416 1380 456 1419 ne
474 1360 566 1423 huim
586 1360 712 1444 quidem
730 1364 806 1423 ritus
826 1362 926 1421 ullum
946 1361 1051 1420 inveni
1070 1360 1265 1439 uestigium..
1285 1374 1340 1415 ve-

236 1464 306 1505 rum
324 1446 352 1503 si
373 1444 493 1506 Pisidae
514 1451 674 1510 auotoritas
692 1458 823 1508 nonest
844 1449 966 1507 omnino
988 1444 1227 1517 nomenmodo,
1248 1460 1341 1522 quern

237 1550 340 1590 rerum
358 1532 407 1592 sui
427 1536 571 1614 tempbris
590 1536 732 1613 ignarum
751 1552 909 1615 nunquam
928 1530 1052 1606 dixero,
1073 1528 1108 1589 id
1126 1533 1168 1591 ita
1188 1529 1342 1612 eooipien-
1438 1542 1442 1559 ‘

236 1614 312 1675 dum
324 1624 398 1699 puto
414 1628 450 1676 ut
462 1638 576 1701 equum
590 1623 719 1695 Persae,
740 1622 769 1678 si
783 1620 860 1679 bene
876 1622 921 1679 eis
938 1638 986 1678 res
1001 1619 1151 1692 eveniret,
1171 1612 1341 1688 adorarunt,

237 1704 349 1769 sivero
363 1702 461 1779 mala,
483 1708 577 1792 virgis
592 1704 762 1765 caederent.
1200 1727 1205 1738 ·

322 1790 376 1851 82·
418 1791 523 1871 ignem
547 1803 584 1851 et.
600 1812 711 1873 aquam
734 1788 775 1849 ad
791 1788 869 1849 heae
883 1806 980 1869 nsque
992 1796 1131 1866 tempora
1144 1788 1253 1845 Perses
1267 1781 1343 1843 ado-

239 1890 306 1933 rere
330 1883 492 1951 testentur,
529 1879 585 1957 qui
606 1875 645 1937 de
665 1880 827 1937 Persarum
848 1877 983 1934 moribus
1002 1876 1035 1931 in
1056 1875 1118 1931 suis
1138 1866 1345 1949 bimopusoic

180 2032 189 2045 ο
239 1961 431 2037 seripserunt.
475 1980 569 2042 quam
586 1973 691 2021 autem
711 1963 844 2043 antiquis
858 1962 978 2039 legibus
993 1978 1030 2017 ea
1043 1966 1123 2017 esset
1138 1958 1217 2015 inter
1230 1974 1283 2015 eos
1295 1974 1345 2013 re-

239 2052 326 2123 oepta
338 2054 369 2117 et
380 2048 540 2105 constituta
550 2047 667 2127 religio,
688 2058 807 2129 praeter
819 2045 1007 2105 Herodotum
1019 2054 1049 2103 et
1061 2043 1241 2103 Strabonem
1252 2040 1345 2099 alios-

240 2146 301 2207 que
324 2140 440 2189 veteres
460 2135 639 2209 scriptores,
658 2132 783 2192 uadunt
804 2134 976 2191 Biissonius
1000 2130 1057 2187 loo.
1082 2130 1133 2187 nit.
1157 2136 1189 2185 et
1209 2122 1346 2185 Thomas

241 2210 330 2291 Hyde
344 2214 381 2271 de
395 2224 453 2273 vet.
471 2216 557 2273 Pers.
575 2216 664 2293 relig.
681 2235 708 2273 o.
727 2218 759 2278 8.
803 2220 857 2295 qui
875 2228 978 2277 tuneo
995 2234 1059 2273 non
1073 2224 1119 2273 est
1131 2208 1302 2273 audiendus
1312 2211 1345 2267 in

242 2316 297 2371 eo,
319 2296 402 2379 quod
424 2302 550 2358 assumit
569 2309 687 2359 veteres
707 2302 816 2359 Persas
828 2316 870 2356 ex
882 2298 1038 2359 Abraham
1051 2318 1156 2359 verum
1167 2297 1346 2375 religionem

240 2384 374 2463 petiisse,
385 2385 510 2465 ignique
527 2394 558 2446 et
573 2386 632 2446 soli
646 2386 769 2446 civilem
783 2394 903 2444 tautum
920 2384 1036 2444 ursitum
1053 2383 1246 2458 exhibuisse3
1269 2398 1344 2464 quae

242 2472 392 2528 sententia
412 2480 447 2527 nt
466 2490 545 2530 nova
565 2481 596 2530 et
615 2473 695 2531 falsa
714 2470 910 2531 disertissime
931 2469 1108 2528 refutetura
1123 2468 1346 2528 Montfauoonio

241 2553 398 2634 Anapus.
419 2553 530 2619 douo.
551 2568 621 2616 tom.
643 2562 767 2636 2part.
788 2561 809 2620 2
827 2577 864 2635 p.
885 2554 958 2621 895.
1001 2555 1092 2612 facile
1116 2556 1200 2612 euim
1221 2550 1346 2631 Hydaeo

242 2641 478 2700 concesserimus
494 2645 584 2702 mus
595 2644 820 2724 „omnipotentis
834 2639 885 2701 dei
898 2643 1100 2721 cognitionem
1116 2637 1258 2700 babuisse
1271 2639 1347 2712 Ber-

242 2743 306 2799 sas,
328 2723 494 2787 dummodo
506 2731 571 2809 ipse
584 2739 703 2805 eontra,
724 2729 966 2808 superstitiosum
977 2728 1070 2786 fuisse
1083 2725 1197 2784 nultum
1209 2741 1269 2803 qno
1282 2725 1346 2780 eius

243 2812 434 2883 maiestatem
447 2816 722 2895 prosequebantur,
743 2833 807 2872 non
821 2811 961 2892 deneget.
1004 2830 1094 2887 nam,
1115 2820 1150 2869 ut
1163 2808 1264 2868 aiebat
1277 2807 1347 2866 Cle-

243 2915 330 2957 mens
342 2897 434 2958 Alex.
445 2899 607 2978 Cohortp.
617 2901 674 2974 57,
696 2893 855 2982 aiyoiipuru
869 2895 926 2979 piu
941 2899 1020 2960 θεοῦ
1034 2891 1072 2962 ου’
1088 2891 1162 2972 ξύλα
1175 2893 1227 2957 soi
1239 2891 1348 2965 λίθους

244 2976 454 3063 &uestinum
469 2979 737 3066 ὅσπερἭληνες,
759 2979 832 3048 otti
846 2979 908 3063 μὴν
922 2983 1022 3065 ἴβιδας
1035 2980 1087 3044 sni
1099 2975 1280 3062 ἰχνεύμονας
1292 2999 1348 3039 su·

243 3061 348 3148 θᾶπιρ
361 3065 540 3152 Αἰγύπτιοι,
562 3063 638 3133 du&
648 3075 711 3152 πῦρ
722 3093 754 3133 re
767 3069 820 3133 sui
832 3064 918 3149 ὕδωρ
935 3067 978 3143 ὥς
988 3063 1167 3146 φιλόσοφοι.
1209 3083 1287 3146 quae
1298 3081 1348 3122 et-

105 3203 114 3221 ,
244 3163 291 3212 set
305 3156 467 3215 Persarum
481 3157 606 3235 religio,
627 3159 731 3235 paneis
744 3157 887 3234 exposuit
900 3151 1072 3214 Herodotus
1087 3156 1104 3216 1
1128 3155 1200 3216 151.

327 3237 381 3302 41.
425 3241 501 3321 quid
513 3239 565 3300 hio
576 3253 648 3320 agat
662 3244 793 3302 celtious
806 3239 947 3314 Rhenus,
968 3240 1060 3319 plane
1078 3257 1140 3298 noo
1159 3233 1258 3296 video.
1302 3241 1349 3290 ot-

245 3342 306 3403 que
328 3343 385 3402 ego
406 3345 479 3384 sana
497 3328 640 3401 mallem,
663 3326 739 3410 quid
761 3329 892 3386 voluerit
907 3325 1029 3399 Pisida,
1050 3343 1101 3382 me
1118 3322 1235 3380 nescire
1250 3319 1348 3390 fateri,

245 3426 339 3488 quam
354 3411 495 3472 manibus
506 3415 684 3474 oonieoturis
698 3426 729 3473 ta
743 3412 889 3472 detinere.
931 3429 1039 3470 verum
1051 3429 1090 3468 ue
1103 3409 1177 3468 vitio
1189 3401 1267 3463 mibi
1280 3423 1349 3463 ver-

243 3504 308 3567 ffl,
332 3493 416 3573 q⁰⁰d
432 3497 568 3578 alioquin
588 3501 727 3578 garrulus
744 3497 796 3558 bio
814 3498 1036 3570 obmutesoam‚
1057 3497 1099 3554 ito
1120 3493 1242 3552 ariolor.
1256 3489 1350 3547 Celti-

245 3597 316 3638 cum
334 3577 476 3641 Rhenum
496 3587 656 3644 nominans
676 3583 781 3644 Pisida
801 3585 954 3644 funestam
977 3583 1064 3640 illam
1087 3575 1204 3638 cladem
1225 3575 1350 3634 fortasse

246 3660 400 3743 &dgnus
421 3687 515 3748 quam
534 3669 723 3749 sigebotum,
745 3667 853 3730 Rheno
875 3671 999 3728 ernasto
1018 3666 1137 3725 Hunnis
1149 3665 1182 3722 in
1193 3661 1351 3720 Fraooiom

244 3752 411 3830 irrumpere
424 3756 600 3816 sonantibus
612 3757 716 3816 intulit
729 3760 809 3814 oiroa
822 3774 937 3814 annum
951 3751 1022 3813 chr.
1037 3750 1112 3816 570.
1154 3745 1225 3806 vide
1246 3745 1284 3804 do
1304 3763 1350 3802 re-

246 3831 303 3892 bm
321 3835 434 3896 stam·
479 3843 656 3920 scriptores,
678 3843 733 3922 qrri
756 3842 883 3900 relatam
903 3859 921 3898 a
944 3838 1103 3917 sigeberto
1119 3835 1271 3912 insignem
1288 3829 1350 3888 ola-

246 3918 319 3980 ἆραι
339 3919 522 3985 describunt.
564 3927 667 4008 itaque
682 3929 782 4006 magis
799 3937 920 3986 memte
935 3933 1038 3984 (tobim
1052 3924 1161 3980 Perm
1173 3939 1208 3978 be
1223 3917 1349 3996 gertine

244 4007 422 4066 Heraclium
441 4011 475 4073 iu
495 4011 616 4072 Oriente
631 4029 725 4092 quom
737 4022 840 4071 oontro
852 4011 996 4070 barbam
1011 4007 1203 4086 sigebertum
1216 4003 1250 4062 in
1264 4001 1349 4062 0⁰05-

246 4089 337 4152 dente
357 4094 460 4154 forsan
482 4097 582 4156 innuit
599 4103 706 4177 poita3
732 4098 793 4156 nisi
811 4097 903 4156 etiam
922 4095 1012 4154 malis
1031 4111 1094 4152 non
1110 4089 1149 4151 nd
1160 4088 1350 4168 sigebertum

245 4177 300 4236 sed
316 4176 357 4236 ad
368 4179 573 4259 {ingobertum
586 4184 730 4244 Frnuoine
746 4201 851 4262 regam
867 4182 1053 4262 respexisse,
1076 4177 1129 4258 qui
1143 4194 1203 4256 quo
1218 4183 1350 4251 tempore

245 4263 403 4326 Heraclius
416 4287 486 4328 sum
497 4269 599 4331 Persis
610 4268 779 4350 pugnabat,
802 4269 940 4330 Saxones
953 4267 1086 4348 primum
1099 4271 1128 4321 et
1142 4257 1254 4321 deinde
1267 4255 1351 4318 θὼ-
