3000 4850
378 245 638 318 urecolum
660 247 696 318 S.
723 247 915 320 sorffltu
1178 251 1249 327 151

165 415 257 478 dulae
280 433 354 478 raca
380 424 413 476 et
439 409 640 477 ueardctales
666 425 767 476 restes
788 424 941 498 spectem,
968 415 1146 499 priusquam
1166 431 1252 482 sacru

163 514 338 584 perageretur
347 502 471 581 liturgia
488 522 544 562 seu
557 501 695 562 divinum
708 521 744 560 ac
762 503 997 564 ecclesiasticum
1007 503 1156 580 officium,
1177 525 1251 566 mu-

163 593 204 652 nia
214 589 332 648 obibunt
344 589 488 663 Duceni,
510 585 566 648 aed
581 598 613 646 et
625 587 822 648 considebunt
839 608 894 669 pro
909 591 1043 649 muneris
1060 593 1108 649 sui
1123 593 1251 652 ratione.

163 695 195 734 ιι
205 695 270 734 vero
284 671 475 734 diaconicum
488 673 633 733 ecclesiae
645 672 731 734 idem
743 675 835 733 fuerit
848 693 918 734 cum
932 695 969 734 eo
981 693 1098 736 curcere
1110 679 1164 758 qui
1177 696 1251 756 par-

162 759 221 820 inde
235 759 383 820 diaconici
401 776 514 819 nomen
530 757 654 836 habuit,
682 759 773 820 video
796 761 992 837 controverti,
1015 761 1071 821 etsi
1090 763 1247 841 probabile

162 848 193 904 ait
207 843 328 906 eandem
346 843 493 904 exedram
507 845 613 905 luisse.
654 864 729 905 nam
746 865 816 905 eum
831 847 917 906 nesea
934 844 1077 906 ducerent
1090 849 1182 927 prisci
1194 848 1285 908 ere-P
1302 848 1355 908 591

162 931 254 992 aleu'ae
274 931 433 1011 pontifices
454 949 523 991 reos
546 932 670 991 clericos
694 950 756 990 una
779 951 848 990 cum
863 933 922 992 reie
938 933 1123 994 secularibus
1139 931 1248 994 eodem

161 1036 262 1076 carcere
284 1015 427 1093 detineri,
451 1035 508 1076 seu
527 1016 612 1098 quod
631 1035 719 1076 suam
732 1020 766 1076 iu
783 1037 834 1077 eos
851 1020 1058 1078 euctoritetem
1076 1022 1106 1076 et
1123 1018 1249 1078 iurisdi-

160 1105 274 1162 etionem
284 1121 405 1162 serrare
417 1121 453 1160 ac
466 1102 563 1177 tueri,
584 1102 649 1178 vel,
671 1101 754 1185 quod
764 1123 835 1162 vero
848 1104 977 1163 similius
989 1115 1051 1180 est,
1072 1123 1143 1162 curn
1155 1105 1249 1164 cleri·

159 1188 195 1246 eia
209 1191 266 1247 suia
279 1190 386 1248 mitius
398 1207 489 1268 agera
502 1189 617 1248 vellent
631 1207 724 1269 quam
738 1191 838 1249 solent
860 1189 1003 1248 ordinarii
1021 1187 1154 1265 iudices,
1174 1191 1247 1252 illoc

157 1275 184 1330 ia
202 1275 389 1334 ecclesias-run
408 1276 576 1334 secraturlis
594 1271 833 1355 sceuophylaciis
848 1286 900 1334 aut
915 1272 1149 1335 ceteehurneniia
1165 1275 1247 1336 deti-

157 1358 264 1434 nebam,
278 1378 436 1440 quousque
449 1378 506 1439 per
514 1362 730 1440 paenitentiam
744 1361 782 1420 ile
795 1361 977 1440 impositum,
990 1379 1082 1442 quem
1094 1361 1247 1440 luculum

155 1454 259 1519 vocent,
278 1455 492 1526 peractumque
505 1465 560 1506 aua
573 1448 747 1526 expiassent
760 1444 869 1505 delicte
882 1467 917 1506 ec
931 1449 1065 1506 crimine.
1107 1449 1151 1505 itu
1167 1448 1246 1506 Gre-

154 1531 245 1607 gorius
257 1549 282 1589 11
296 1532 347 1590 1²1²
359 1533 393 1589 in
406 1532 495 1612 epist.
508 1535 531 1596 2
544 1530 585 1590 ad
596 1534 731 1592 Leonem
744 1533 882 1590 isaurum
895 1533 928 1590 in
942 1550 991 1591 vn
1003 1529 1146 1612 Synodc:
1161 1552 1246 1610 pou-

154 1613 250 1689 b‘fiese,
270 1614 325 1675 uti
340 1618 409 1696 quie
426 1618 576 1696 peceaer't,
595 1649 640 1664 --
660 1636 730 1676 erun
751 1628 899 1697 tauquam
915 1619 949 1674 in
965 1637 1126 1689 carcerem,
1146 1618 1181 1676 ἰκ
1196 1637 1247 1676 ιι-

153 1702 272 1758 ortaria
295 1721 510 1782 commersque
534 1722 677 1762 cecorum
704 1705 829 1762 Μανία
846 1703 1023 1774 oomi'cr'unt,
1049 1702 1083 1760 ire
1103 1701 1247 1762 ecoleer'ae

151 1784 283 1844 duorum
302 1798 331 1845 et
347 1789 382 1846 irs
398 1785 614 1848 ccteedumem
632 1786 791 1867 obtegunt.
834 1785 906 1846 hine
925 1807 988 1848 non
1003 1787 1100 1847 semel
1113 1789 1248 1868 legimus

149 1871 181 1928 ln
203 1871 363 1932 iliaecnica
386 1873 454 1932 vioe
479 1876 605 1934 carceris
629 1875 779 1933 coniectos
804 1875 927 1932 clericos
951 1871 1178 1954 delinquentes:
1208 1893 1249 1934 eo

151 1957 226 2016 enirn
243 1968 359 2037 spectet
377 1959 433 2017 lex
452 1961 494 2022 30
516 1957 584 2018 cod.
604 1956 727 2019 Thecd.
750 1956 790 2018 de
813 1961 952 2018 Haeret:
982 1959 1084 2018 cuncti
1103 1957 1248 2017 hcwetici

147 2042 250 2120 procul
263 2041 358 2102 &ebio
376 2045 513 2104 κονινίκι
525 2045 630 2127 omur'c
639 2041 701 2103 ribi
712 2043 780 2104 toea
790 2041 883 2103 butue
896 2041 980 2102 serbis
991 2043 1155 2104 attam
1170 2063 1247 2116 ecee,

148 2129 207 2186 sice
222 2127 278 2187 eud
301 2128 496 2188 ecolesma»
515 2135 636 2189 nombre
654 2141 825 2201 uuunder,
845 2132 909 2188 eive
921 2150 1000 2209 quae
1012 2130 1171 2190 decenter
1185 2149 1245 2208 up-

146 2213 296 2291 pellcutur
306 2213 359 2274 uel
368 2218 459 2274 etrum
470 2214 625 2274 deccm'co.
670 2235 733 2298 quo
755 2214 823 2276 loco
839 2226 941 2274 censet
954 2215 1093 2275 Guiacius
1107 2215 1246 2274 &econi-

147 2297 306 2358 cumidem
318 2317 385 2360 esse
398 2296 481 2382 quod
497 2299 688 2374 umam,
709 2319 860 2360 carcerem
871 2319 982 2380 nempe
998 2301 1244 2377 ecclesiasticum,

146 2384 244 2468 inquo
258 2383 470 2447 detinebantur
481 2390 527 2446 rei
540 2387 659 2463 clerici3
684 2405 745 2469 qua
766 2389 891 2449 notione
907 2387 1052 2467 echpitur
1066 2384 1245 2447 decanicum

146 2471 221 2551 apud
239 2472 394 2531 lulianum
409 2476 638 2533 Antecesecrem
652 2474 778 2533 constit.
791 2474 850 2538 73:
873 2482 1009 2531 exeemcr
1026 2483 1127 2531 cutem
1143 2472 1246 2531 ἱίιὴιικ

146 2560 316 2616 wastinense
328 2558 363 2616 r'u
375 2558 526 2617 decoeu'cie
540 2557 734 2617 eeclesiarum
747 2558 937 2631 recludatur,
957 2568 1151 2637 competentes
1166 2578 1245 2638 poe-

145 2660 195 2701 ruu
215 2642 363 2717 leiwan
384 2662 463 2725 quae
485 2643 614 2703 totidem
625 2645 725 2705 verbis
738 2654 859 2704 exstent
872 2644 925 2703 lib.
941 2642 961 2707 b
977 2645 1073 2723 Capit.
1088 2645 1189 2704 Caroli
1199 2645 1245 2705 M.

144 2746 169 2785 c.
179 2728 254 2794 225.
275 2728 330 2787 ubi
341 2730 468 2790 Novella
480 2731 639 2789 iustiniani
649 2734 689 2797 97
704 2727 796 2790 habet
810 2729 844 2793 lu
861 2734 925 2804 τοῖς
939 2726 1138 2810 καλουμένοις
1152 2730 1244 2793 δικα-

144 2819 246 2887 νικοῖς.
290 2812 426 2873 decenici
445 2824 616 2895 praeterea,
637 2814 689 2874 rel
700 2818 801 2897 potine
816 2816 991 2889 δικανικοῦ,
1012 2817 1139 2874 occurrit
1151 2834 1244 2875 men-

144 2900 183 2957 tio
201 2901 235 2957 in
251 2901 471 2980 supplicatione
488 2902 595 2960 Basilii
618 2898 737 2960 diaconi
749 2902 783 2959 in
798 2900 932 2959 Concilio
945 2896 1099 2979 Ephesino
1112 2908 1189 2979 part.
1206 2904 1244 2964 l:

144 2977 286 3048 κᾶιεῖθκν
304 2982 489 3068 τυπτόμενοι
501 2982 585 3068 crepui
600 2990 657 3051 τοῦ
667 2982 758 3066 ὄχλου
775 2990 838 3049 τοῖν
856 2988 991 3049 emec
1008 2979 1191 3068 ἀπηγόμεθα
1208 2982 1244 3048 iu

144 3071 366 3156 rpidemeepi,
391 3065 482 3175 κιξκιῖ
497 3066 633 3154 yupvode
652 3068 736 3174 ἡμᾶς
757 3072 898 3152 δεσμίους
920 3068 961 3144 cir
975 3064 1243 3144 xulrlrreulirluoce
1271 3156 1285 3179 ι

142 3157 333 3321 ittet
340 3153 1059 3327 itti‘totititt‘tiiititssi.
1081 3156 1243 3304 tiit

142 3324 277 3385 vidend
293 3326 526 3386 wcleeiceticum
544 3329 649 3405 vertit,
679 3327 734 3388 sed
760 3346 935 3407 perperam,
962 3336 997 3385 ut
1018 3327 1140 3405 opinor:
1168 3345 1242 3385 uana

143 3414 194 3470 eui
213 3432 247 3470 re
269 3432 341 3473 veru
363 3411 558 3493 pceuncdum
580 3410 638 3471 huc
660 3414 861 3494 appellatione
887 3410 993 3471 donari
1011 3414 1159 3491 potuerit,
1180 3410 1242 3471 hou

141 3504 240 3555 tamen
253 3497 322 3558 loco
334 3498 497 3563 δικανικοῦ
509 3498 656 3558 vocabulo
674 3498 784 3559 diserte
798 3516 899 3557 cercer
913 3498 1108 3577 intelligitur,
1130 3499 1157 3557 si
1175 3515 1240 3557 non

142 3584 373 3659 ecclesiasticus,
398 3587 527 3645 certeis
552 3586 606 3665 qui
627 3583 826 3660 decanorum,
853 3581 886 3642 id
906 3592 952 3643 est
971 3584 1127 3659 lictorum,
1149 3602 1240 3641 curae

143 3671 316 3730 commissus
331 3680 405 3728 erut.
433 3671 495 3731 nisi
507 3671 575 3751 quis
585 3670 673 3729 malit
685 3668 863 3729 decanicum
874 3672 907 3728 in
921 3667 980 3727 hec
991 3668 1129 3749 Epistola
1142 3668 1239 3747 accipi

143 3749 248 3813 debere
271 3774 328 3836 pro
348 3756 417 3816 loco
437 3756 472 3813 in
491 3774 552 3837 quo
573 3758 735 3816 nationem
761 3774 848 3815 suem
871 3751 1024 3813 hebebant
1049 3752 1156 3813 decunl
1181 3770 1238 3814 sau

142 3836 317 3921 ὄιβδιῦχιι,
337 3841 384 3899 uti
404 3842 594 3922 appellentur
612 3860 631 3900 e
650 3840 923 3921 Gedreuop·1703
945 3838 982 3899 de
1000 3840 1109 3921 quibus
1124 3838 1239 3919 passim
1282 3836 1286 3853 ¹

142 3936 232 4002 agunt
244 3929 415 4007 scriptores.
446 3935 479 3986 et
489 3928 516 3987 si
528 3924 706 3987 decanicum
718 3925 802 3987 idem
815 3928 875 3985 fuit
888 3946 958 4003 cum
971 3924 1144 4000 diaconico,
1164 3940 1239 4003 pro-

141 4006 237 4071 babile
260 4022 306 4072 ect
326 4010 504 4073 decanicum
526 4023 557 4072 et
575 4010 745 4073 dicanicum
761 4022 899 4093 corrupte
913 4010 1107 4092 postmodum
1121 4008 1236 4067 dictum

142 4095 222 4175 quod
236 4094 425 4158 diuoonicum
440 4100 587 4180 appellari
604 4097 759 4159 debueret.
800 4118 858 4157 nec
876 4100 937 4158 acic
955 4116 994 4155 un
1011 4100 1103 4156 etiem
1118 4092 1236 4153 dicaui-

143 4198 206 4241 cunr
220 4202 240 4242 a
252 4204 327 4244 roca
340 4183 412 4264 dleep
421 4194 630 4266 nuncupatum
639 4186 699 4246 sibi
712 4186 915 4266 persuaserint
927 4184 1105 4263 posteriores
1117 4178 1235 4253 Graeci,

142 4266 220 4346 quod
237 4269 270 4329 iu
290 4268 455 4332 dieconieis
475 4269 589 4332 iudicia
601 4290 657 4334 rue
668 4279 844 4333 exercerent
857 4268 1028 4351 pontifices,
1049 4262 1133 4349 quod
1152 4260 1237 4324 iudi·
