3000 4850
250 344 324 401 aar
717 322 896 412 Qunam

252 500 399 585 quoniam
417 497 543 571 licebat,
564 510 626 555 uon
647 487 745 575 piguit
764 492 882 555 iarudiu
896 496 1031 556 muierre
1044 506 1076 557 et
1086 490 1239 558 variantes
1254 499 1361 561 lectio-

251 626 307 666 nes
320 604 393 663 hino
406 596 478 660 inda
493 600 653 679 colligere:
675 618 745 679 spes
765 618 899 681 namque
913 603 1011 659 iuerat
1027 601 1215 663 uberrimum
1228 600 1361 683 diligen·

251 708 313 769 tiae
327 716 446 766 nostrae
460 704 592 761 fructum
604 720 661 761 nos
671 720 737 763 esee
752 704 917 780 relaturos3
939 701 995 763 sed
1008 702 1152 764 exhausti
1165 706 1279 765 laboris
1291 718 1361 767 tan·

252 810 324 871 dem
336 828 394 868 noe
406 809 572 887 poenituit,
591 806 645 868 ubi
658 808 867 865 intelleximus
881 827 932 865 eos
945 824 1053 866 omnes
1066 824 1133 868 esse
1145 819 1211 867 tam
1223 811 1362 889 huperite

239 915 283 973 'et
297 914 460 972 oscitanter
473 912 616 989 scriptos,
638 920 673 969 nt
685 911 805 968 nnllam
818 903 982 969 utilitatem
995 929 1038 970 ex
1051 926 1156 970 eornm
1167 912 1297 970 lectione
1309 930 1362 970 ca·

251 1036 324 1099 pere
348 1016 461 1095 possis,
485 1015 512 1071 si
536 1022 639 1069 tamen
663 1010 821 1071 laudatum
843 1012 978 1072 codicem
999 1016 1248 1095 linostropho,
1269 1032 1362 1096 mem

251 1134 348 1181 amum
365 1119 562 1199 perlustrasse
580 1125 610 1172 et
626 1114 808 1194 expendisse
825 1119 994 1176 uommtius
1006 1116 1210 1195 satisfoisset.
1254 1118 1311 1179 sed
1331 1128 1362 1178 et

253 1226 349 1283 alium
361 1218 496 1280 codicem
510 1214 710 1277 bibliothecae
721 1216 937 1279 Valllcellanae
951 1224 1104 1299 signatum
1115 1224 1141 1279 li
1152 1218 1214 1285 115
1226 1220 1361 1279 oensem

253 1329 419 1399 voluimus,
443 1340 534 1403 quem
549 1320 674 1379 Fulvius
688 1320 815 1381 Ursinus
828 1316 908 1381 dono
923 1318 1007 1383 dedit
1019 1324 1134 1383 Achilli
1145 1325 1260 1397 Statio,
1279 1334 1315 1381 ut
1327 1324 1360 1380 in

255 1430 364 1491 eodem
376 1436 513 1488 notatum
527 1418 743 1499 aniruadrerti3
765 1440 805 1483 ne
817 1444 887 1485 cum
896 1436 977 1485 esset
988 1426 1028 1485 ad
1041 1444 1167 1504 manus,
1190 1446 1227 1486 eo
1239 1426 1291 1484 vel
1304 1444 1361 1483 ue-

253 1524 425 1615 glecto‘rel
449 1524 560 1587 omisso
588 1526 686 1585 olliclo
704 1530 808 1586 nosiro
830 1528 1004 1589 videremur
1017 1530 1160 1589 defuisse.
1203 1528 1303 1589 codex
1317 1540 1362 1588 est

252 1636 518 1707 membranaceus,
540 1632 573 1687 in
589 1647 648 1710 qno
664 1633 767 1689 statim
781 1634 908 1690 veniunt
921 1634 1015 1691 iambi
1028 1632 1152 1693 Pisidae
1167 1635 1201 1691 in
1217 1630 1292 1689 dnos
1307 1650 1362 1689 co·

254 1741 375 1799 lamnas
394 1734 595 1816 pulcherrima
620 1729 729 1812 digesti
750 1744 780 1791 et
800 1730 897 1793 nitido
921 1733 1086 1796 characteri
1109 1738 1280 1815 conspicui,
1306 1732 1361 1794 sed

90 1868 117 1925 p.
134 1844 238 1903 xxvii
252 1842 359 1901 multis
373 1837 492 1899 mendis
504 1835 617 1897 foedati
634 1846 663 1893 et
679 1836 852 1916 perturbato
867 1836 974 1897 ordine
990 1836 1143 1919 dispositi3
1165 1840 1241 1921 quin
1257 1848 1289 1895 et
1305 1834 1362 1894 de-

253 1954 322 2007 sunt
338 1962 401 2003 nou
419 1944 525 2022 pauci:
548 1959 620 1998 nam
635 1937 840 1999 hexaemeron
852 1938 918 1998 illic
931 1937 1067 2001 versibus
1086 1944 1167 2007 1651
1183 1940 1361 2000 continetur.

251 2050 358 2108 titulus
373 2058 417 2106 est
435 2046 588 2127 Γεωργίου
601 2046 656 2105 τοῦ
669 2044 804 2105 liscidou
820 2042 864 2117 eir
877 2039 1067 2126 πατραέοχην
1080 2044 1207 2126 lippos
1220 2042 1290 2127 περὶ
1308 2043 1363 2123 τῆς

249 2149 451 2231 Ἐξαημὲροα.
496 2168 566 2207 cum
581 2158 683 2205 autem
696 2148 801 2225 paucis
816 2156 886 2204 oute
897 2150 983 2206 annis
996 2150 1109 2226 patrios
1121 2150 1274 2206 revlsmus
1284 2142 1362 2231 lares

252 2256 437 2313 Florentiam
455 2255 623 2325 venissem,
645 2246 688 2307 ibi
708 2246 787 2305 mihi
805 2247 896 2307 libuit
910 2268 967 2329 per
980 2252 1077 2309 otimu
1094 2249 1199 2309 videre
1213 2269 1248 2307 ac
1261 2249 1363 2307 mani.

160 2413 164 2421 .
252 2360 310 2419 bns
325 2374 444 2417 versare
463 2354 599 2413 codicem
616 2356 655 2415 10
671 2350 752 2409 Plut.
767 2350 787 2414 5
803 2350 1003 2411 bibliothecae
1018 2350 1363 2413 mediceo-Laurentia-

250 2481 329 2538 uae,
352 2462 491 2542 quamvis
512 2475 568 2516 nec
591 2465 688 2514 aetate
709 2471 766 2514 neo
783 2455 847 2513 nlla
863 2458 1035 2535 scriptionis
1051 2459 1151 2536 specie
1167 2455 1364 2518 mmmende-

251 2567 364 2638 bilem,
386 2563 420 2619 in
439 2577 499 2640 qno
522 2557 673 2616 habentur
689 2557 841 2638 Iiopyion
857 2554 1002 2622 διακόνου
1017 2555 1364 2634 Kurceuvurouuiiroee

251 2669 310 2731 aori
334 2663 465 2728 flacitae
491 2663 583 2743 στίχοι
601 2659 725 2740 ἴαμβοι,
757 2659 900 2719 videlieet
919 2665 952 2720 in
973 2666 1201 2739 llexaimeron,
1220 2665 1277 2744 ,qai
1293 2673 1365 2722 mut

253 2779 373 2829 tautum
394 2783 520 2824 nomem
548 2763 644 2828 1427:
674 2763 777 2841 plures
799 2768 882 2824 enim
901 2785 1006 2825 versus
1027 2766 1133 2826 omisit
1156 2768 1296 2843 scriptor,
1328 2777 1365 2822 ac

252 2833 431 2954 praeseriim
444 2874 477 2928 in
491 2869 566 2944 fine,
590 2884 719 2948 quornm
732 2869 859 2928 ultimus
872 2872 1016 2945 occurrit,
1040 2867 1093 2950 qui
1103 2869 1191 2927 nobis
1204 2877 1250 2926 ost
1263 2869 1377 2933 1823&

255 2975 373 3058 ἕτοιμος
386 2967 477 3048 οἶνος.
516 2969 548 3030 id
562 2979 664 3028 antem
678 2981 767 3029 antea
780 2973 989 3032 observaverat
1003 2966 1252 3051 diligentissimus
1267 2967 1366 3028 editor

254 3075 384 3158 catalogi
408 3075 544 3136 eiusdem
565 3072 769 3133 bibliothecae
794 3091 826 3154 p.
845 3080 904 3151 23,
927 3075 1006 3134 hasa
1027 3073 1179 3136 subdens:
1208 3075 1243 3130 irs
1263 3071 1367 3130 codiee

255 3181 408 3242 adcedens
423 3181 458 3239 ln·
471 3182 604 3259 quinque
616 3179 753 3237 mendose·
766 3198 882 3251 mnus,
904 3181 959 3259 qni
970 3178 1180 3236 desideratum
1192 3179 1225 3233 io
1239 3175 1366 3233 edituum

253 3285 364 3346 Les-tii:
389 3277 464 3358 δόξα
484 3279 517 3344 oi
531 3275 655 3345 πάντων
669 3287 711 3367 spi
724 3287 794 3368 θεῷ
808 3282 861 3346 rui
875 3277 1008 3368 dronirp
1022 3285 1066 3367 τῷ
1081 3275 1161 3356 ἰόντι
1176 3278 1229 3342 καὶ
1243 3276 1367 3359 μένοντι

255 3387 300 3461 εἰς
324 3382 374 3450 aiei
394 3385 513 3467 πρέπει.
557 3378 658 3466 doris,
682 3381 764 3466 cirris
787 3386 901 3468 γένοιτο
915 3389 960 3472 τῷ
980 3385 1014 3449 ἕν
1033 3391 1096 3459 τοῖς
1113 3387 1189 3447 πᾶσι
1202 3377 1324 3463 χρόνοις
1334 3401 1367 3443 re

253 3490 307 3553 rui
320 3484 351 3572 γ’
366 3488 457 3552 iseros
473 3493 536 3562 τοῖς
551 3483 719 3570 ἄμετρίτοις
732 3487 789 3550 eise
801 3486 837 3551 di
849 3495 910 3564 τοῖς
923 3485 1059 3566 ἀναξίοις
1070 3486 1147 3569 ἡμῖν
1161 3485 1194 3549 ir
1207 3490 1284 3547 ratior
1296 3507 1368 3546 rur-

253 3597 327 3674 οοῖς.
366 3567 402 3650 ατ
418 3605 481 3650 non
495 3595 605 3669 sensit,
632 3591 715 3674 qnod
733 3603 836 3651 tamen
850 3595 940 3652 facile
955 3603 1018 3651 erat
1033 3592 1220 3668 intelligere,
1243 3585 1368 3666 putidos

253 3695 325 3754 illos
345 3691 509 3754 versiculos
524 3709 585 3754 non
602 3712 668 3756 esse
680 3695 803 3755 Pisidae
817 3695 873 3756 sed
887 3699 1020 3778 imperiti
1036 3696 1205 3775 scriptoris,
1226 3693 1281 3771 qui
1296 3707 1368 3748 cum

254 3794 407 3856 scribendi
426 3797 519 3856 finem
539 3799 676 3877 iecisset,
706 3805 940 3860 amanuensium
961 3816 1047 3858 more
1071 3795 1149 3856 haee
1172 3790 1303 3853 effutivit
1328 3791 1369 3850 de

254 3917 321 3961 sno.
365 3907 425 3982 qna
440 3899 486 3960 'de
507 3921 539 3960 re
561 3891 684 3962 sensuri
703 3905 789 3964 abest
808 3915 842 3964 ut
859 3907 892 3963 iu
913 3903 1095 3963 editionibus
1110 3898 1295 3959 Hexaimeri
1307 3891 1368 3954 hae

254 4019 355 4085 nugae
378 4002 603 4080 desiderentur,
626 4015 660 4063 at
680 4019 781 4067 essens
801 4011 923 4088 potins,
945 4009 973 4066 si
986 3991 1152 4064 foue'fflao
1164 4003 1369 4081 impriment,

252 4101 485 4188 expungendas.
529 4107 619 4166 renio
650 4129 731 4169 nnuc
759 4111 799 4170 ad
826 4109 1043 4172 bibliothecam
1070 4105 1149 4186 regii
1168 4101 1372 4165 Taurinamis

254 4211 421 4289 Athenaei,
448 4214 480 4271 in
500 4231 576 4292 qua,
596 4225 687 4291 prout
707 4231 748 4274 ex
772 4219 837 4276 eius
861 4215 999 4291 catalogo
1022 4211 1191 4289 colligitur,
1215 4205 1278 4266 duo
1297 4213 1371 4263 samt

257 4314 376 4376 codices
391 4335 481 4396 opera
495 4315 616 4376 Pisidae
630 4320 834 4397 continentes,
855 4317 998 4378 videlicet
1011 4314 1075 4378 804
1087 4323 1119 4374 et
1130 4313 1205 4378 860·
1248 4305 1283 4366 ἱᾶ
1298 4321 1370 4365 ‘¹¹¹¹
