3000 4850
173 382 176 389 ¹
428 299 485 367 AD
511 296 795 367 NIGEPHORUM
818 296 973 367 NOTAE.
1183 298 1257 373 105

154 482 200 533 611
218 466 255 547 4,
275 466 408 529 1161116111
425 468 461 541 6,
482 462 594 527 Christi
615 464 694 539 616,
715 460 868 544 siqnidem
887 460 1258 543 1188811111116111116-

153 556 387 621 1161112ἰυί666
412 550 503 628 diets,
534 570 644 630 nempe
667 550 753 630 cyclo
776 553 814 627 9,
842 551 931 608 litera
950 547 1064 609 domin.
1088 554 1121 611 c.
1165 555 1259 633 igitur

154 662 183 702 a.
206 643 240 702 c.
261 642 339 715 616,
368 638 475 699 indict.
498 634 535 713 4,
567 636 699 696 Heraclii
718 640 738 699 6
758 635 834 697 8616
856 645 952 695 castra
973 634 1013 694 ad
1034 635 1260 698 chalcedonem

154 728 315 809 applicuit,
336 736 365 783 61
382 727 402 788 6
417 742 564 783 66661616
578 718 821 802 prochronismus
834 739 853 777 a
867 718 1102 801 chronographis
1117 734 1148 781 et
1159 722 1258 785 bistu-

156 816 225 873 ricis
247 814 423 870 commissus
446 819 501 869 est.
542 828 614 867 6616
633 806 715 888 quod
728 808 775 865 illi
788 826 816 865 a.
829 808 963 865 Heraclii
982 810 1036 881 ts,
1059 807 1171 867 Christi
1184 815 1258 887 621,

155 900 236 971 1166,
258 908 292 955 61
313 907 417 976 postea
438 893 725 967 demonstrabimus,
747 896 827 965 622,
852 910 888 951 es
901 894 1062 970 contigisse
1074 894 1262 973 volnntpost

155 981 285 1064 pascha,
307 984 419 1041 falsum
441 977 513 1039 inde
540 981 725 1038 convincitur
747 975 829 1057 quod
848 996 927 1036 anno
948 979 1080 1037 Heraclii
1099 984 1136 1044 11
1155 983 1261 1058 copiae

155 1072 360 1135 Romanorum
379 1070 411 1125 in
435 1069 540 1125 Asiam
559 1084 599 1123 ex
619 1066 740 1143 Europa
757 1063 919 1122 translatae
934 1073 1014 1122 sunt.
1057 1062 1177 1123 atillud
1191 1076 1260 1125 ante

156 1155 235 1215 Saae
257 1154 441 1233 colloquium
453 1152 629 1230 legatosque
643 1152 752 1209 1616666
766 1148 831 1207 fieri
848 1168 911 1207 uon
926 1151 1038 1228 potuit,
1058 1160 1093 1208 nt
1112 1169 1152 1209 ex
1170 1154 1262 1210 Nice·

156 1236 252 1319 phoro
273 1249 374 1299 nostro
393 1235 517 1297 evidens
535 1246 599 1295 est:
620 1233 756 1295 noudum
770 1236 852 1292 enim
865 1234 1021 1293 Heraclius
1036 1233 1262 1313 expeditionem

157 1322 326 1383 adornaret.
369 1344 441 1383 sane
459 1341 536 1403 quae
553 1320 591 1379 de
606 1321 690 1381 Saite
708 1318 860 1394 diximus,
883 1318 936 1379 din
953 1330 1023 1379 ante
1041 1322 1173 1381 Heraclii
1188 1342 1262 1401 pro-

156 1410 317 1469 fectionem
337 1407 377 1469 ad
392 1406 614 1469 chalcedonem
628 1426 697 1466 cum
710 1408 891 1484 imperatore
902 1407 1099 1484 transegisse,
1124 1406 1262 1487 adstipu-

155 1496 284 1557 latorem
296 1494 409 1555 habent
423 1495 586 1572 Georgium
599 1492 786 1570 Syncellum,
801 1510 842 1550 ex
855 1510 916 1571 quc
927 1489 1080 1551 cedrenus
1092 1495 1264 1579 161611666-

156 1582 241 1655 16111,
262 1578 318 1640 6611
331 1582 505 1655 namnam,
527 1576 565 1636 de
583 1596 642 1657 qus
658 1596 733 1637 mox
749 1575 987 1656 disputabimus,
1008 1578 1154 1638 affinitate
1171 1578 1263 1639 dece-

156 1676 227 1747 ptus
241 1667 339 1727 aliano
350 1676 484 1745 tempore
497 1662 637 1723 reddidit.

242 1772 273 1832 p-
288 1754 329 1816 10
344 1771 373 1811 v.
389 1751 440 1815 15.
482 1742 617 1831 ἡγεμόνα
637 1750 700 1810 suiv
724 1744 903 1826 Περσικῶν]
925 1741 1007 1809 Σάϊν
1025 1742 1107 1807 huno
1129 1749 1264 1829 appellat

157 1835 311 1897 cedrenus
334 1846 365 1896 et
383 1836 474 1897 Alex.
488 1833 669 1895 Chronicon.
685 1843 876 1893 6616661661
892 1852 962 1891 cum
977 1834 1070 1893 altero
1084 1833 1262 1911 confundas,

159 1940 251 2002 quem
270 1918 359 2001 Σᾶην
374 1932 479 2001 postea
491 1931 578 1981 16661
591 1918 674 1978 idem
687 1916 840 1978 Cedreuns
855 1938 890 1977 ac
904 1915 1123 1997 Theophanes,
1148 1922 1262 1980 Paulus

157 2008 309 2067 1111166666
322 2006 441 2069 sathin.
484 2025 561 2089 quae
575 2007 733 2065 nominum
746 2004 876 2063 affinitas
889 2004 1012 2062 mirifice
1027 2002 1264 2085 chronographis

158 2104 250 2174 atque
265 2094 420 2153 annalium
431 2092 624 2172 scriptoribus
634 2091 790 2168 imposuit.
832 2087 960 2169 proinde
972 2091 1016 2149 sic
1028 2087 1149 2165 habeto,
1171 2094 1264 2171 quin-

158 2197 218 2267 que
242 2180 365 2239 omnino
387 2177 479 2238 duces
496 2198 514 2236 a
528 2174 659 2237 011661οό
679 2186 781 2234 contra
796 2176 972 2236 Heraclium
985 2177 1105 2235 missos.
1148 2180 1264 2255 primus

159 2275 205 2325 661
225 2258 327 2344 Σᾶης,
349 2284 440 2345 quem
461 2264 579 2323 saitem
601 2261 734 2340 appellat
751 2270 867 2336 noster,
890 2280 909 2319 a
925 2279 985 2342 quo
999 2259 1186 2320 Alexandria
1201 2265 1265 2321 Ae·

159 2360 269 2430 gyptus
283 2360 372 2431 atque
386 2350 483 2409 omnis
498 2350 603 2408 Oriens
617 2356 749 2405 vastatus
763 2357 819 2405 est.
862 2344 913 2405 bic
928 2345 1012 2428 quod
1027 2348 1201 2407 Heraclium
1216 2351 1265 2407 11-
1279 2351 1302 2405 l’
1319 2351 1356 2409 61

158 2455 233 2496 vum
244 2433 283 2493 ad
294 2433 459 2496 (1116616616
473 2453 535 2493 666
549 2431 735 2506 adduxisset,
759 2430 891 2492 detracta
905 2445 972 2493 cute
984 2435 1152 2494 miserrime
1164 2437 1265 2516 periit,

159 2532 228 2580 aute
244 2541 366 2580 omnem
381 2520 513 2578 Heraclii
525 2518 768 2598 expeditionem,
791 2521 877 2580 cuius
895 2520 950 2578 ille
971 2521 1089 2599 legatos
1102 2531 1163 2580 tres
1179 2542 1195 2579 e
1210 2522 1267 2581 Bi-

158 2604 265 2685 thynia
285 2608 318 2664 in
339 2604 497 2666 Persidem
512 2624 616 2664 secum
632 2601 771 2664 abduxit.
814 2604 964 2664 sectandus
980 2618 1024 2666 661
1040 2606 1203 2681 Sarbarus,
1226 2605 1266 2666 de

159 2709 220 2771 quo
235 2691 338 2750 crebra
351 2689 492 2770 deinceps
506 2693 631 2751 mentio.
674 2689 759 2749 idem
777 2686 828 2749 hio
845 2691 1029 2751 Sarbanmas
1047 2710 1064 2749 a
1081 2689 1217 2751 Cedreno
1234 2701 1266 2750 et

159 2774 350 2855 Theophane
373 2786 496 2836 vocatur
515 2795 543 2833 6.
564 2780 620 2850 18,
643 2784 673 2834 61
691 2775 888 2850 Sarbarazas,
910 2779 963 2857 qni
977 2775 1017 2836 ad
1031 2774 1268 2855 oppugnandam

113 2931 123 2944 .
160 2862 281 2942 cpolim
299 2863 410 2920 missus
430 2864 463 2920 in
484 2864 591 2920 itinere
609 2871 766 2920 revocatur
778 2880 795 2919 a
807 2859 956 2936 01166166,
976 2861 1156 2942 iubeturque
1172 2863 1267 2941 copiis

160 2967 231 3006 cum
259 2948 441 3007 Sarablanca
464 2947 630 3006 6661666116
654 2966 723 3004 6616
743 2947 883 3005 Heraclio
903 2964 1050 3025 pugnare.
1091 2950 1198 3006 tertius
1222 2955 1268 3006 est

160 3033 375 3108 Sarablancas,
397 3031 435 3091 de
454 3050 514 3113 quo
533 3032 672 3091 meminit
685 3029 838 3092 cedrenus
855 3049 890 3092 66
906 3030 1111 3111 Theophanes
1126 3053 1153 3090 a.
1169 3034 1268 3092 Hem·
1318 3056 1322 3065 ·

161 3117 278 3184 611111.
320 3129 443 3199 quartus
467 3127 511 3178 661
534 3117 617 3191 Sais,
640 3119 724 3178 cuius
741 3119 944 3180 meminerunt
957 3117 1052 3177 iidem
1067 3138 1095 3176 6.
1110 3117 1152 3182 14
1174 3117 1215 3182 15
1237 3128 1268 3178 61

162 3207 203 3268 16
216 3223 225 3277 3
248 3223 307 3284 quo
321 3214 472 3284 postremo
486 3221 565 3264 anno
579 3204 676 3262 116166
696 3201 733 3262 ab
745 3204 885 3262 Heraclio
901 3223 943 3262 ex
954 3223 1090 3263 maerore
1107 3213 1197 3284 etque
1213 3221 1268 3262 ae-

161 3277 314 3368 gritu'diue
335 3301 471 3350 mortuus
491 3299 545 3349 661.
590 3291 655 3348 6166
670 3308 778 3369 corpus
793 3291 994 3350 inveteratum
1012 3300 1042 3348 et
1059 3292 1093 3348 in
1110 3286 1268 3348 Persidem

161 3374 288 3434 allatum
302 3373 451 3436 chosroae
463 3375 605 3454 plurimis
618 3375 807 3434 contumeliis
820 3373 930 3436 affecit.
972 3377 1096 3456 quintus
1110 3385 1156 3434 est
1170 3377 1270 3435 Rasa-

161 3468 223 3533 tes,
245 3461 299 3541 qui
314 3479 342 3518 6.
361 3464 400 3524 17
418 3460 455 3518 ab
471 3462 610 3521 Heraclio
624 3480 728 3520 666661
742 3471 797 3524 661.
840 3461 874 3519 fit
890 3471 920 3520 et
935 3461 1058 3520 alterins
1076 3460 1162 3520 ducis
1179 3480 1270 3520 men·

162 3547 204 3604 tio
226 3563 244 3602 6
266 3549 410 3619 Leontio,
434 3549 487 3626 qui
510 3547 543 3607 S.
560 3549 680 3606 loannis
693 3541 872 3626 Ἐλεήμονος
885 3549 979 3606 111616
999 3545 1111 3622 edidit,
1134 3565 1226 3628 quem
1241 3549 1270 3608 is

162 3631 352 3691 liasmiszum
374 3642 479 3707 16661,
501 3651 519 3690 6
534 3651 594 3713 quo
610 3641 724 3692 1661616
738 3633 841 3692 scribit
854 3634 920 3692 loca
934 3642 1053 3692 sancta:
1074 3653 1181 3692 161661
1196 3634 1271 3692 861-

161 3715 235 3776 baro
258 3717 293 3776 id
314 3717 480 3776 attribuunt
499 3719 600 3778 ceteri.
643 3718 699 3778 sub
721 3720 819 3798 primu
834 3718 888 3778 illo
904 3719 964 3778 sas
978 3719 1124 3778 militasse
1139 3720 1172 3779 S.
1185 3721 1272 3778 Ans·

162 3803 307 3878 stasium,
329 3821 364 3862 ac
378 3822 448 3884 cum
462 3823 497 3862 eo
514 3801 735 3863 chalcedonem
748 3806 868 3864 1661666
880 3803 1054 3885 ibidemque
1068 3802 1271 3864 Christianam

162 3884 256 3946 fidem
285 3889 462 3968 amplexum
489 3900 584 3948 castra
607 3892 780 3970 reliquisse,
801 3893 835 3949 in
861 3891 1029 3950 Annalibus
1056 3894 1203 3970 seriptum
1224 3897 1271 3947 est

163 3990 193 4031 a.
216 3974 251 4031 c·
273 3975 352 4050 621,
373 3973 505 4033 Heraclii
528 3979 577 4038 ta.
620 3974 676 4036 sed
693 3995 763 4034 cmn
781 3995 809 4035 6.
826 3979 889 4042 616
906 3977 1072 4040 1161661116
1091 3993 1271 4054 coruparau-

164 4055 240 4118 dum
260 4058 342 4119 istud
363 4079 428 4120 6666
443 4061 533 4138 paulo
546 4070 615 4118 ante
630 4060 785 4120 evidenter
797 4073 952 4122 ostensum
965 4073 1021 4122 est.
1064 4064 1117 4143 qui
1130 4059 1271 4138 martyris

163 4146 259 4202 111616
273 4143 406 4223 prodidit
419 4146 543 4206 Simeon
555 4143 784 4226 metaphrastes,
805 4150 848 4206 ita
859 4146 897 4207 de
911 4152 976 4208 eius
988 4149 1182 4209 conversione
1195 4147 1274 4204 scri·

163 4227 226 4288 bit:
251 4243 315 4290 6161
329 4233 410 4290 enim
423 4233 450 4288 ei
462 4231 587 4312 quatiam
591 4231 697 4312 frater
706 4253 816 4314 genere
831 4245 859 4292 61
871 4235 1046 4294 commib'to:
1067 4230 1157 4290 ambo
1171 4240 1274 4289 cuum

164 4313 298 4376 16161116
311 4337 469 4378 6611161661
482 4319 625 4380 maedus
641 4319 732 4394 Saia,
754 4331 955 4402 veneruntque
969 4339 1064 4403 suque
1073 4318 1119 4377 ud
1128 4316 1275 4398 inclytam
