3000 4850
185 1122 298 1231 DE
332 1115 856 1230 EXPEDITIONE
891 1118 1208 1235 PERSICA

467 1325 943 1413 montrum

606 1580 814 1595 m

148 1764 444 1869 Luctuosissimom
461 1828 496 1869 ac
513 1828 591 1889 pene
610 1805 801 1890 deploraunn
816 1807 911 1871 facisse
927 1811 972 1871 rei
988 1811 1127 1893 publicae
1141 1820 1253 1871 statum

149 1904 218 1953 tum
231 1914 316 1970 curn,
336 1897 472 1956 extincto
483 1892 602 1971 Phoca,
624 1896 782 1955 Heraclius
798 1915 892 1977 regno
904 1900 1018 1977 potitus
1034 1908 1094 1972 est,
1115 1899 1254 1955 unanimi

149 1982 289 2039 omnium
297 1982 479 2061 scriptorum
489 1983 685 2041 consensione
699 1980 908 2041 confirmatum
920 1993 975 2046 est.
1016 1983 1161 2041 nimirum
1171 1983 1253 2041 cives

149 2065 229 2125 inter
245 2086 279 2125 se
297 2064 389 2125 dirisi
404 2068 554 2126 intestinis
566 2068 733 2146 flagrabant
745 2064 835 2144 odiis,
855 2078 886 2127 et
901 2068 1014 2127 mutuis
1030 2065 1171 2127 caedibus
1183 2086 1253 2125 ma-

151 2148 278 2226 debant3
298 2152 414 2211 Abares
426 2154 460 2209 in
471 2155 612 2230 proxima
622 2153 688 2211 loca
701 2144 814 2229 recepti
828 2163 858 2211 et
872 2153 965 2211 veluti
978 2152 1107 2210 civitatis
1118 2153 1183 2209 iure
1196 2150 1253 2211 do·

150 2238 233 2311 nati,
255 2234 311 2296 sed
330 2239 432 2296 animo
446 2256 568 2317 semper
580 2244 713 2315 agrestes
726 2243 758 2292 et
774 2232 927 2310 crudeles,
949 2254 1043 2295 noras
1058 2238 1091 2294 in
1107 2233 1172 2295 dies
1185 2246 1254 2295 tur-

149 2320 205 2380 bas
221 2323 356 2396 ciebant3
378 2324 500 2381 barbari
513 2343 531 2380 e
544 2318 729 2397 Scytharum
744 2336 855 2396 genere
868 2322 902 2377 in
915 2322 1066 2381 Romanas
1081 2324 1252 2401 provincias

149 2406 284 2489 nudique
304 2406 487 2468 confluentes
504 2402 698 2464 incredibiles
715 2405 902 2465 calamitates
916 2408 949 2464 in
963 2427 1059 2466 unum
1080 2406 1252 2488 comporta·

148 2492 237 2568 bant3
259 2496 415 2553 scPersse
428 2487 554 2571 quidem
565 2489 784 2571 Mesopotamia
796 2494 952 2568 universa,
974 2493 1078 2573 Syria,
1100 2496 1250 2573 Aegypto,

146 2579 321 2638 Palaestina
340 2587 371 2634 et
388 2573 554 2647 Phoenicia
574 2578 743 2656 ocnpafls,
771 2574 995 2638 chalcedonem
1020 2599 1117 2660 usque
1148 2579 1250 2655 delati,

147 2673 212 2723 tam
233 2661 299 2722 dira
321 2654 494 2741 cpolitanis'
506 2662 714 2737 minabantur,
737 2672 772 2721 ut
791 2681 899 2742 parum
920 2665 1049 2724 abfuerit
1063 2665 1138 2746 quin
1153 2675 1251 2724 toturn

147 2749 310 2828 imperium
332 2767 395 2806 una
420 2766 490 2806 cum
513 2749 581 2826 ipso
603 2751 727 2807 nomine
747 2751 869 2828 penitius
895 2745 1054 2828 deleretur.
1097 2751 1190 2828 igitur
1217 2753 1250 2808 in
1319 2793 1323 2806 ,

147 2845 234 2894 tants
253 2843 424 2914 temporum
446 2832 617 2892 oalarnitate
638 2843 668 2891 et
687 2836 824 2913 nequitia
837 2836 1050 2912 imperatorem
1062 2833 1252 2894 desiderabat
1277 2861 1280 2870 ⁴

148 2939 197 2979 res
217 2921 356 3000 publica,
378 2921 432 2999 qui
448 2917 615 2999 plurimum
634 2918 764 2997 polleret
780 2921 892 2997 pietate
911 2921 1054 2994 consilio,
1077 2930 1108 2978 et
1125 2921 1250 2979 militari

148 3007 285 3066 mentia
326 3001 502 3064 huiusmodi
524 3005 748 3083 planctuum,
771 3005 894 3084 qualem
915 3024 1016 3063 remm
1039 3001 1173 3064 condicio
1192 3023 1250 3084 po-

148 3091 296 3166 stulabat,
318 3109 354 3148 ac
372 3109 480 3149 rerum
500 3086 595 3151 heros
614 3090 782 3148 Homericis
802 3086 944 3148 heroibus
966 3089 1057 3168 louge
1079 3089 1250 3148 anteferen-

148 3175 224 3236 dum
245 3187 277 3235 et
296 3176 364 3255 ipsc
381 3171 558 3234 Alexandro
568 3176 716 3234 maiorem
732 3174 827 3234 imese
841 3175 1014 3234 Heraclium
1029 3172 1182 3234 contendit
1196 3176 1251 3232 Pi·-

148 3261 214 3322 sida
230 3263 265 3321 in
277 3259 362 3321 bisce
375 3262 472 3320 tribus
481 3258 686 3331 Acroasrbus,
704 3262 739 3318 in
755 3261 865 3340 quibus
879 3259 917 3320 de
929 3263 1027 3342 prima
1039 3263 1071 3318 in
1084 3257 1250 3320 Ghosrosm

147 3344 239 3406 huius
268 3348 400 3406 nominis
427 3345 594 3406 sectmdum
619 3349 781 3405 Persarum
814 3365 917 3426 regem
949 3343 1144 3425 expeditione
1176 3349 1249 3424 agit.
1320 3361 1323 3369 '

149 3430 293 3514 equidem
313 3433 413 3490 fateor
430 3451 481 3490 me
495 3431 535 3490 ad
547 3434 693 3491 maiorem
707 3434 808 3490 animo
821 3431 1048 3511 concipiendam
1065 3430 1103 3491 de
1118 3431 1251 3490 Heraclii

148 3521 259 3580 virtute
276 3519 450 3596 opinionem
464 3536 505 3574 ex
520 3516 646 3577 huiusce
661 3519 806 3596 poematii
823 3518 953 3576 lectione
966 3517 1060 3577 fuisse
1076 3521 1250 3592 excitatam,

149 3605 289 3685 quarm
307 3621 429 3662 mecum
440 3604 506 3683 ipse
521 3613 693 3683 reputarem
707 3623 773 3663 esse
791 3602 917 3662 fortasse
932 3603 1094 3678 nonnulla,
1117 3621 1196 3684 quae
1210 3621 1251 3661 ex

148 3691 272 3768 ingenio
283 3690 441 3748 scribentis
452 3700 556 3748 ornata
570 3699 602 3748 et
613 3695 741 3769 poeseos
750 3687 900 3748 coloribus
911 3689 1060 3749 illustrata
1070 3691 1140 3768 plus
1152 3689 1248 3747 nimio

148 3786 284 3834 mentem
302 3777 497 3855 animumque
520 3777 728 3855 percellerent.
770 3793 833 3833 non
848 3775 931 3833 enim
946 3784 992 3834 est
1006 3774 1180 3853 negandum
1194 3776 1251 3832 Pi-

148 3859 248 3920 sidam
265 3860 446 3942 plerumque
462 3860 509 3918 uti
528 3863 599 3921 stilo
618 3859 740 3940 turgido
762 3869 793 3918 et
814 3860 935 3934 inflato,
962 3879 997 3919 ac
1009 3869 1075 3918 mm
1089 3861 1249 3940 praecipue

149 3945 311 4026 ampullari
330 3948 363 4004 in
382 3957 462 4021 arte,
484 3965 555 4005 cnm
574 3947 748 4006 Heraclium
766 3955 796 4004 st
810 3945 951 4026 Sergium
965 3943 1088 4022 laudat,
1111 3946 1249 4027 quamvis

148 4051 239 4111 saepe
260 4037 364 4090 tamen
382 4031 557 4112 profiteatur
577 4044 607 4092 et
626 4032 749 4090 auribus
768 4031 916 4107 inculcet,
940 4049 973 4090 se
989 4051 1051 4090 non
1067 4030 1159 4092 modo
1175 4026 1251 4110 quid

147 4116 218 4177 lalsi
242 4117 375 4176 Heraclii
394 4115 535 4178 laudibus
548 4135 706 4199 nunquam
718 4114 847 4193 addere,
869 4115 923 4178 sed
938 4114 1078 4175 nonnihil
1095 4118 1195 4196 potius
1209 4134 1250 4172 ex

147 4203 222 4282 ipsis
236 4202 372 4262 deterere
393 4203 544 4284 (Acroce.
565 4208 580 4268 1
603 4200 675 4283 48).
718 4213 868 4278 ceterum,
893 4223 931 4262 ne
948 4201 986 4260 ds
1002 4203 1091 4260 malis
1106 4201 1251 4260 ecclesiae

147 4289 271 4371 loquar,
298 4291 433 4366 mam,
461 4308 555 4371 quam
579 4290 639 4350 fuit
665 4288 753 4368 regni
776 4289 908 4348 Heraclii
935 4287 1098 4367 gloriosum
1119 4287 1251 4362 initium,
