3000 4850
226 313 278 388 76
664 309 728 379 DU
753 306 897 377 ctNGll

315 481 366 547 19.
407 480 491 554 Quae
514 495 605 560 porro
629 473 837 538 adorientem
858 483 979 537 exstant
999 471 1172 558 pyramides
1193 471 1234 535 εδ
1251 473 1338 538 ecelis

227 567 355 648 angulos
371 568 544 640 exteriores,
568 565 712 624 excitarit
726 562 918 623 Andronicus
931 563 1130 641 Pslaeologns
1142 563 1251 638 senior,
1274 582 1337 644 quo

226 665 328 735 partes
339 653 446 731 templi
460 651 638 710 orientalem
651 661 681 708 et
695 649 961 730 septentrionalem
973 651 1093 706 ruinam
1105 667 1141 706 ac
1156 667 1260 707 casum
1273 650 1337 706 rni-

224 742 357 798 nitantea
371 738 501 796 fulciret.
545 735 578 795 id
590 737 728 817 pluribus
744 745 848 794 narrat
860 731 1049 813 Phosphorus
1059 735 1210 812 Gregorss
1221 736 1336 792 Hister.

226 826 281 884 lib.
296 829 337 888 7:
356 819 470 903 ἤκουσε
489 816 547 905 γόρ
569 817 653 904 πυροί
675 825 736 884 τῶν
759 822 894 901 δοκίμων
917 814 1088 899 οἰκοδόμον
1108 817 1150 894 σός
1166 822 1211 904 τῷ
1228 821 1338 905 μακρῷ

226 903 327 994 χρόνῳ
347 902 479 989 καμόντα
498 908 653 987 σννίζησιν
671 900 708 968 τοὶ
728 901 787 970 irio
801 900 900 968 crisci
916 899 1127 969 ἐπεπόνθεσαν
1143 901 1234 986 μέρη,
1254 901 1337 968 τότε

226 989 305 1077 πρός
326 989 455 1076 δρκτους
469 989 551 1074 ipsiu
566 991 619 1055 καί
635 991 679 1054 δτι
692 987 767 1073 πρός
778 987 835 1066 τός
849 985 999 1064 ιῖυατολδς
1013 988 1230 1072 τίτραμμίνον,
1253 987 1275 1052 δι’
1293 985 1336 1071 δὴ

226 1085 342 1144 πτοῖσιν
356 1074 516 1142 ἀπειλοῦσι
529 1083 665 1158 ταχείαν,
688 1077 716 1140 εί
729 1073 773 1158 μη“
787 1070 1017 1157 συνεπιλιίβοιτό
1029 1096 1091 1150 τις·
1111 1071 1188 1138 ’ὅθεν
1198 1073 1337 1156 χιλιόδας

225 1161 422 1245 νομισμάτων
436 1157 494 1226 ουίι
506 1157 608 1246 όλίγας
623 1167 687 1236 τοῖς
701 1159 903 1244 οίκοδόμοιςό
917 1156 1058 1244 βασιλεός
1075 1157 1212 1235 διδακτός
1226 1161 1261 1224 ἐκ
1271 1166 1337 1224 τοῖν

226 1255 282 1332 τῆς
301 1250 464 1328 δεσποίνης
477 1244 638 1332 ηρημιίτυν
650 1243 705 1322 τόις
719 1246 876 1357 δρωμένας
889 1243 999 1320 ταότας
1014 1246 1047 1310 lu
1062 1245 1189 1328 βυθίων
1204 1251 1265 1310 τοῖν
1277 1255 1339 1310 θε-

227 1337 339 1418 μελίων
363 1328 505 1416 όυήγειρε
527 1335 721 1420 πυραμίδας,
746 1335 779 1398 δι
812 1325 860 1411 όν
878 1329 1022 1418 κράτιστα
1039 1327 1094 1396 τόν
1112 1326 1339 1414 όπειλοόμενυν

227 1421 331 1503 ίστησε
346 1421 502 1483 κίνδυνον.

312 1510 366 1570 20.
407 1508 489 1565 Ante
515 1504 623 1585 templi
652 1501 801 1585 Sophiani
824 1503 1026 1579 vestibulum,
1055 1499 1244 1584 proindeque
1265 1512 1340 1561 ante

229 1588 431 1651 condentales
446 1592 594 1670 porticus,
616 1599 731 1668 prostat
745 1587 894 1671 quadrata
909 1591 1017 1667 ingens
1032 1607 1117 1646 area:
1138 1589 1239 1667 placet
1253 1591 1339 1648 enirn

228 1679 313 1737 illius
326 1676 557 1756 descriptionem
572 1673 630 1734 hoc
643 1676 710 1735 loco
726 1677 864 1756 exsequi,
882 1676 1058 1755 prinsquam
1071 1674 1221 1753 templum
1234 1675 1339 1753 ipsum

229 1762 406 1838 subeamus,
429 1781 499 1820 cum
522 1761 664 1820 vestibuli
686 1763 884 1841 praecipuum
908 1763 948 1820 sit
969 1770 1190 1819 omamentnm.
1233 1779 1339 1818 εεεειιι

228 1851 320 1908 istam
335 1867 390 1908 seu
406 1848 515 1905 atrium
532 1856 672 1928 quattuor
683 1848 850 1927 porticibus
863 1844 1083 1905 circumdatum
1098 1840 1195 1927 αὐλῆς
1212 1847 1340 1906 nomine

227 1931 322 1995 donau
336 1935 525 1995 silentiarius
539 1942 616 2012 part.
632 1938 653 1998 2
669 1953 699 1991 r.
718 1931 795 1999 174:

390 2016 528 2103 τέτρασιν
542 2013 710 2104 αἰθούσῃσι
724 2018 910 2099 περίδρομον
923 2010 1015 2095 'ipses
1027 2008 1135 2095 ου’λήν,

394 2095 438 2166 σίν
451 2105 507 2184 μία
523 2100 579 2182 μὲν
590 2097 726 2183 νάρθηκι
739 2098 937 2177 συνάπτεται,
960 2101 1038 2183 αἵγε
1052 2097 1108 2179 μὲν
1122 2094 1211 2164 ἄλλαι

393 2187 582 2268 πεπαυμέναι
594 2186 751 2251 τελέθουσι
765 2185 990 2267 πολυσχιδίεσσι
1002 2180 1171 2260 κελεόθοις.

227 2273 282 2334 ubi
298 2273 520 2333 observandum
537 2276 717 2334 exteriorem
732 2274 874 2332 vestibuli
890 2275 1040 2352 porticum
1059 2268 1098 2329 ad
1117 2272 1187 2329 atrii
1203 2270 1341 2348 porticus

227 2361 428 2441 pertinuisse,
450 2361 477 2418 si
488 2379 549 2418 non
565 2369 596 2418 et
611 2361 698 2418 tertia
716 2359 790 2435 fuit,
813 2357 974 2441 quodiam
988 2359 1179 2416 monuimus:
1201 2356 1339 2437 alioquin

228 2449 340 2505 atrium
357 2442 547 2524 Sophiannm
559 2445 654 2504 tribus
670 2455 788 2504 tantum
802 2447 984 2505 constitisset
996 2443 1170 2523 porticibus,
1191 2461 1254 2500 non
1265 2462 1338 2501 vero

229 2542 387 2615 quattuor,
409 2528 596 2613 proindeque
609 2550 671 2589 non
684 2526 883 2610 τετρόστυλον
895 2531 1002 2588 ferisset
1016 2528 1066 2587 vel
1080 2528 1339 2609 quadriporticus,

228 2616 284 2676 s'ed
300 2619 485 2695 triporticum,
506 2619 550 2676 uti
565 2616 713 2676 eiusmodi
726 2619 801 2675 atria
817 2615 956 2674 dicuntur
969 2618 1128 2674 Anastasio
1141 2616 1173 2671 in
1186 2614 1219 2672 S.
1233 2614 1340 2671 Hilaro

227 2705 298 2761 PP:
322 2702 526 2781 stymphneum
546 2713 575 2760 et
592 2704 780 2780 triporticum
800 2712 871 2761 arete
891 2703 1055 2758 oratoriam
1079 2701 1113 2758 S.
1139 2700 1257 2767 Crucis,
1279 2708 1339 2757 etc.

228 2788 379 2847 Eusebius
402 2786 440 2846 de
461 2790 523 2846 vita
544 2790 765 2853 ConstantiniS
789 2786 831 2853 tt
853 2786 891 2845 da
907 2788 983 2845 strio
996 2786 1104 2865 templi
1119 2784 1341 2863 Hierosolymi-

229 2876 314 2932 tani:
337 2878 464 2955 μακροῖς
480 2866 676 2955 περιδρόμοις
690 2877 791 2939 oeric
806 2872 840 2936 ie
854 2866 1036 2956 τριπλεόρου
1048 2864 1270 2954 περιεχόμενον.
1308 2879 1343 2929 et

229 2959 373 3021 Sidonius
387 2960 475 3039 epist.
490 2963 511 3023 λ
531 2962 590 3023 1οε

395 3044 468 3103 tue
484 3054 527 3103 est
539 3046 677 3123 porticus
690 3042 848 3122 applicata
862 3040 987 3120 mples,

387 3130 554 3211 fulmentis
567 3131 765 3211 Aquitanicis
778 3126 923 3207 superba,

395 3216 441 3274 od
453 3218 540 3275 cuites
557 3219 706 3294 specimen
721 3216 880 3273 νοπτοτιονιτ

395 3301 546 3360 claudunt
562 3305 644 3361 atria
657 3303 794 3379 porticus
808 3297 968 3359 secundae.

230 3384 339 3447 eadem
353 3405 441 3465 porro
454 3381 552 3468 αόλῆς
566 3389 767 3467 appellatione
782 3384 932 3444 donantur
943 3377 1092 3440 eiusrnodi
1105 3399 1192 3439 areae
1207 3400 1262 3440 seu
1276 3379 1343 3438 im-

230 3473 336 3553 pluvia
358 3482 427 3531 ante
448 3470 539 3531 aedes
560 3490 658 3533 sacras
681 3492 699 3530 ιι
720 3473 868 3550 Procopio
885 3467 923 3527 ‹le
940 3466 1043 3527 sedit.
1064 3471 1080 3530 1
1103 3472 1124 3532 7
1147 3477 1177 3525 at
1200 3467 1237 3540 8,
1262 3464 1282 3527 5
1305 3466 1343 3526 6.

229 3558 341 3637 αίθρια
362 3555 502 3617 dicuntur
520 3558 653 3618 Eusebio
671 3555 710 3616 ale
727 3559 790 3616 vita
804 3558 993 3617 Constantii
1016 3548 1058 3615 84
1080 3562 1110 3611 et
1131 3554 1190 3626 38,
1211 3560 1241 3609 et
1259 3552 1343 3608 Hist.

230 3644 272 3708 10
290 3642 329 3719 4,
352 3645 424 3749 quis
446 3642 489 3718 είς
509 3639 567 3725 την
585 3648 643 3707 τοῦ
661 3638 799 3725 ου’ρανοῠ
819 3635 955 3719 κότοψιν
974 3634 1111 3717 λαμπρόν
1127 3634 1344 3709 salonicensi

229 3726 334 3805 φωτός
351 3735 468 3792 ακτῖσιν
485 3723 645 3811 οἷνειμέυον
664 3722 738 3811 α’ίρα
756 3728 919 3809 praebent,
941 3736 975 3783 ut
991 3724 1075 3782 idern
1093 3726 1220 3804 scriptor
1237 3722 1344 3804 loqui-

228 3824 290 3875 tur.
331 3816 479 3897 impluvia
494 3817 640 3875 Paulinus
655 3818 724 3874 Nat.
739 3815 780 3879 10
794 3833 830 3873 ea
847 3814 921 3871 atria
938 3811 1089 3893 appellat:

396 3902 466 3960 tatic
476 3900 644 3981 porticibus
657 3901 719 3959 lete
735 3898 924 3958 circumdata
940 3896 1041 3976 longis

397 3986 546 4047 vestibulo
560 3988 706 4067 inspluvic
721 3988 804 4045 tectis
818 3994 989 4043 reserrentur
1002 3991 1119 4060 aperto,

397 4084 427 4130 et
439 4074 534 4132 simul
545 4085 629 4132 astra
645 4072 754 4144 cerdis,
776 4068 960 4151 ingressibus
973 4070 1057 4127 ατνία
1069 4064 1225 4145 pandunt.

231 4156 357 4213 semitae
370 4176 442 4220 vero
454 4162 531 4219 istae
544 4160 743 4239 multiplices,
766 4155 805 4215 de
818 4156 927 4237 quibus
940 4154 1145 4225 silentiarius,
1167 4150 1261 4229 portis
1276 4146 1343 4206 ele·

232 4240 374 4319 gentibus
386 4243 611 4321 claudebantur,
633 4263 710 4326 quas
725 4236 827 4327 {tique
840 4234 1010 4322 procellose
1024 4247 1112 4297 vocat
1125 4255 1187 4294 non
1202 4254 1262 4293 uno
1274 4234 1346 4292 loco

233 4322 316 4386 idem
334 4328 517 4415 Procopius,
540 4324 667 4408 αόλίους
683 4323 785 4406 πόλος
802 4327 954 4389 Eusebius
973 4323 1013 4385 δε
1031 4325 1095 4385 sita
1117 4324 1220 4383 Const-
1241 4320 1264 4385 3
1289 4321 1345 4386 s&
