<?xml version="1.0" encoding="UTF-8"?>
<!DOCTYPE html PUBLIC "-//W3C//DTD XHTML 1.0 Transitional//EN"
    "http://www.w3.org/TR/xhtml1/DTD/xhtml1-transitional.dtd">
<html xmlns="http://www.w3.org/1999/xhtml" xml:lang="en" lang="en">
 <head>
  <title>
</title>
<meta http-equiv="Content-Type" content="text/html;charset=utf-8" />
  <meta name='ocr-system' content='tesseract 3.04.00' />
  <meta name='ocr-capabilities' content='ocr_page ocr_carea ocr_par ocr_line ocrx_word'/>
</head>
<body>
  <div class='ocr_page' id='page_1' title='image "./corpusscriptoru37niebgoog_0205.png"; bbox 0 0 3000 4850; ppageno 0'>
   <div class='ocr_carea' id='block_1_1' title="bbox 162 1046 1428 1356">
    <p class='ocr_par' dir='ltr' id='par_1_1' title="bbox 162 1046 1428 1356">
     <span class='ocr_line' id='line_1_1' title="bbox 162 1046 1428 1213; baseline 0.008 -52"><span class='ocrx_word' id='word_1_1' title='bbox 162 1052 497 1168; x_wconf 80' lang='lat' dir='ltr'><strong>rosurffl</strong></span> <span class='ocrx_word' id='word_1_2' title='bbox 551 1052 872 1178; x_wconf 72' lang='lat' dir='ltr'><strong>Mauras</strong></span> <span class='ocrx_word' id='word_1_3' title='bbox 928 1046 1428 1213; x_wconf 66' lang='lat' dir='ltr'><strong>Quuuorrvur</strong></span> 
     </span>
     <span class='ocr_line' id='line_1_2' title="bbox 363 1232 1067 1356; baseline 0.01 -7"><span class='ocrx_word' id='word_1_4' title='bbox 363 1264 399 1349; x_wconf 90' lang='lat' dir='ltr'><strong>F</strong></span> <span class='ocrx_word' id='word_1_5' title='bbox 437 1232 476 1353; x_wconf 91' lang='lat' dir='ltr'>L</span> <span class='ocrx_word' id='word_1_6' title='bbox 521 1259 562 1350; x_wconf 91' lang='grc' dir='ltr'>Ο</span> <span class='ocrx_word' id='word_1_7' title='bbox 600 1261 642 1351; x_wconf 90' lang='lat' dir='ltr'>R</span> <span class='ocrx_word' id='word_1_8' title='bbox 677 1262 714 1347; x_wconf 93' lang='lat' dir='ltr'><strong>E</strong></span> <span class='ocrx_word' id='word_1_9' title='bbox 757 1257 795 1348; x_wconf 89' lang='lat' dir='ltr'><strong>N</strong></span> <span class='ocrx_word' id='word_1_10' title='bbox 833 1264 875 1351; x_wconf 94' lang='lat' dir='ltr'><strong>T</strong></span> <span class='ocrx_word' id='word_1_11' title='bbox 911 1266 933 1353; x_wconf 89' lang='grc' dir='ltr'>Ι</span> <span class='ocrx_word' id='word_1_12' title='bbox 970 1268 1009 1354; x_wconf 88' lang='lat' dir='ltr'><strong>N</strong></span> <span class='ocrx_word' id='word_1_13' title='bbox 1045 1269 1067 1356; x_wconf 88' lang='lat'>1</span> 
     </span>
    </p>
   </div>
   <div class='ocr_carea' id='block_1_2' title="bbox 230 1451 1202 1685">
    <p class='ocr_par' dir='ltr' id='par_1_2' title="bbox 230 1451 1202 1685">
     <span class='ocr_line' id='line_1_3' title="bbox 230 1451 1202 1531; baseline 0.015 -23"><span class='ocrx_word' id='word_1_14' title='bbox 230 1454 291 1510; x_wconf 81' lang='lat' dir='ltr'><strong>nn</strong></span> <span class='ocrx_word' id='word_1_15' title='bbox 318 1453 527 1515; x_wconf 82' lang='lat' dir='ltr'><strong>ouoaoro</strong></span> <span class='ocrx_word' id='word_1_16' title='bbox 555 1451 719 1513; x_wconf 74' lang='lat' dir='ltr'><strong>marna</strong></span> <span class='ocrx_word' id='word_1_17' title='bbox 746 1454 953 1531; x_wconf 81' lang='lat' dir='ltr'><strong>nrusous</strong></span> <span class='ocrx_word' id='word_1_18' title='bbox 977 1457 1202 1523; x_wconf 75' lang='lat' dir='ltr'><strong>scarrrrs</strong></span> 
     </span>
     <span class='ocr_line' id='line_1_4' title="bbox 457 1590 973 1685; baseline 0.014 -7"><span class='ocrx_word' id='word_1_19' title='bbox 457 1602 553 1681; x_wconf 87' lang='lat' dir='ltr'><strong>PR</strong></span> <span class='ocrx_word' id='word_1_20' title='bbox 578 1604 611 1678; x_wconf 89' lang='grc' dir='ltr'>Α</span> <span class='ocrx_word' id='word_1_21' title='bbox 636 1602 668 1677; x_wconf 90' lang='grc' dir='ltr'>Ε</span> <span class='ocrx_word' id='word_1_22' title='bbox 694 1604 725 1677; x_wconf 80' lang='lat' dir='ltr'>F</span> <span class='ocrx_word' id='word_1_23' title='bbox 752 1604 786 1678; x_wconf 86' lang='grc' dir='ltr'><strong>Α</strong></span> <span class='ocrx_word' id='word_1_24' title='bbox 812 1590 846 1681; x_wconf 79' lang='lat'><strong>&#39;1⁴</strong></span> <span class='ocrx_word' id='word_1_25' title='bbox 872 1604 973 1685; x_wconf 90' lang='lat'><strong>10.</strong></span> 
     </span>
    </p>
   </div>
   <div class='ocr_carea' id='block_1_3' title="bbox 155 1972 1265 4449">
    <p class='ocr_par' dir='ltr' id='par_1_3' title="bbox 155 1972 1265 4449">
     <span class='ocr_line' id='line_1_5' title="bbox 161 1972 1263 2100; baseline 0.005 -30"><span class='ocrx_word' id='word_1_26' title='bbox 161 1972 348 2091; x_wconf 74' lang='lat' dir='ltr'>Georgius,</span> <span class='ocrx_word' id='word_1_27' title='bbox 370 2015 422 2096; x_wconf 85' lang='lat' dir='ltr'><strong>qui</strong></span> <span class='ocrx_word' id='word_1_28' title='bbox 435 2026 539 2097; x_wconf 88' lang='lat' dir='ltr'><strong>postea</strong></span> <span class='ocrx_word' id='word_1_29' title='bbox 554 2012 697 2077; x_wconf 82' lang='lat' dir='ltr'><strong>diaconus</strong></span> <span class='ocrx_word' id='word_1_30' title='bbox 711 2014 886 2096; x_wconf 71' lang='lat' dir='ltr'><strong>cpolitano·</strong></span> <span class='ocrx_word' id='word_1_31' title='bbox 898 2014 972 2093; x_wconf 78' lang='lat' dir='ltr'><strong>tuta,</strong></span> <span class='ocrx_word' id='word_1_32' title='bbox 996 2034 1014 2077; x_wconf 86' lang='lat' dir='ltr'><strong>a</strong></span> <span class='ocrx_word' id='word_1_33' title='bbox 1028 1998 1162 2094; x_wconf 75' lang='lat' dir='ltr'><strong>Pisidia,</strong></span> <span class='ocrx_word' id='word_1_34' title='bbox 1184 2029 1263 2100; x_wconf 77' lang='lat' dir='ltr'><strong>quse</strong></span> 
     </span>
     <span class='ocr_line' id='line_1_6' title="bbox 159 2104 1265 2201; baseline 0.005 -28"><span class='ocrx_word' id='word_1_35' title='bbox 159 2126 227 2173; x_wconf 85' lang='lat' dir='ltr'><strong>erat</strong></span> <span class='ocrx_word' id='word_1_36' title='bbox 244 2104 335 2173; x_wconf 71' lang='lat' dir='ltr'><strong>Asiae</strong></span> <span class='ocrx_word' id='word_1_37' title='bbox 351 2120 477 2179; x_wconf 86' lang='lat' dir='ltr'><strong>minoris</strong></span> <span class='ocrx_word' id='word_1_38' title='bbox 494 2120 576 2199; x_wconf 86' lang='lat' dir='ltr'><strong>regio</strong></span> <span class='ocrx_word' id='word_1_39' title='bbox 591 2121 671 2179; x_wconf 89' lang='lat' dir='ltr'><strong>inter</strong></span> <span class='ocrx_word' id='word_1_40' title='bbox 683 2116 815 2199; x_wconf 84' lang='lat' dir='ltr'><strong>Lydiam</strong></span> <span class='ocrx_word' id='word_1_41' title='bbox 826 2116 994 2201; x_wconf 81' lang='lat' dir='ltr'><strong>Phrygiam</strong></span> <span class='ocrx_word' id='word_1_42' title='bbox 1011 2130 1043 2178; x_wconf 87' lang='lat' dir='ltr'><strong>et</strong></span> <span class='ocrx_word' id='word_1_43' title='bbox 1056 2120 1176 2179; x_wconf 72' lang='lat' dir='ltr'><strong>cauam</strong></span> <span class='ocrx_word' id='word_1_44' title='bbox 1189 2136 1265 2179; x_wconf 63' lang='lat' dir='ltr'><strong>oon*-</strong></span> 
     </span>
     <span class='ocr_line' id='line_1_7' title="bbox 159 2206 1264 2301; baseline 0.002 -22"><span class='ocrx_word' id='word_1_45' title='bbox 159 2222 282 2295; x_wconf 85' lang='lat' dir='ltr'><strong>stituta,</strong></span> <span class='ocrx_word' id='word_1_46' title='bbox 309 2216 417 2279; x_wconf 77' lang='lat' dir='ltr'><strong>habuit</strong></span> <span class='ocrx_word' id='word_1_47' title='bbox 447 2224 610 2301; x_wconf 84' lang='lat' dir='ltr'><strong>originem,</strong></span> <span class='ocrx_word' id='word_1_48' title='bbox 640 2206 722 2279; x_wconf 83' lang='lat' dir='ltr'><strong>unde</strong></span> <span class='ocrx_word' id='word_1_49' title='bbox 744 2231 943 2301; x_wconf 83' lang='lat' dir='ltr'><strong>oognomeuto</strong></span> <span class='ocrx_word' id='word_1_50' title='bbox 963 2220 1068 2282; x_wconf 85' lang='lat' dir='ltr'><strong>Pisids</strong></span> <span class='ocrx_word' id='word_1_51' title='bbox 1088 2219 1187 2281; x_wconf 81' lang='lat' dir='ltr'><strong>dietus</strong></span> <span class='ocrx_word' id='word_1_52' title='bbox 1206 2230 1264 2281; x_wconf 86' lang='lat' dir='ltr'><strong>est.</strong></span> 
     </span>
     <span class='ocr_line' id='line_1_8' title="bbox 158 2321 1265 2407; baseline 0.004 -27"><span class='ocrx_word' id='word_1_53' title='bbox 158 2322 281 2401; x_wconf 89' lang='lat' dir='ltr'><strong>plures,</strong></span> <span class='ocrx_word' id='word_1_54' title='bbox 301 2340 359 2381; x_wconf 89' lang='lat' dir='ltr'><strong>neo</strong></span> <span class='ocrx_word' id='word_1_55' title='bbox 377 2325 462 2403; x_wconf 80' lang='lat' dir='ltr'><strong>perri</strong></span> <span class='ocrx_word' id='word_1_56' title='bbox 485 2324 609 2407; x_wconf 85' lang='lat' dir='ltr'><strong>quidem</strong></span> <span class='ocrx_word' id='word_1_57' title='bbox 632 2324 766 2383; x_wconf 87' lang='lat' dir='ltr'><strong>nominis</strong></span> <span class='ocrx_word' id='word_1_58' title='bbox 782 2323 872 2383; x_wconf 87' lang='lat' dir='ltr'><strong>urbes</strong></span> <span class='ocrx_word' id='word_1_59' title='bbox 883 2342 902 2381; x_wconf 85' lang='lat' dir='ltr'><strong>a</strong></span> <span class='ocrx_word' id='word_1_60' title='bbox 915 2325 1067 2384; x_wconf 79' lang='lat' dir='ltr'><strong>veteribus</strong></span> <span class='ocrx_word' id='word_1_61' title='bbox 1082 2321 1265 2405; x_wconf 78' lang='lat' dir='ltr'><strong>geographis</strong></span> 
     </span>
     <span class='ocr_line' id='line_1_9' title="bbox 158 2418 1265 2506; baseline 0.003 -23"><span class='ocrx_word' id='word_1_62' title='bbox 158 2435 368 2484; x_wconf 77' lang='lat' dir='ltr'><strong>memorantur</strong></span> <span class='ocrx_word' id='word_1_63' title='bbox 389 2428 423 2484; x_wconf 92' lang='lat' dir='ltr'><strong>in</strong></span> <span class='ocrx_word' id='word_1_64' title='bbox 444 2418 577 2487; x_wconf 74' lang='lat' dir='ltr'><strong>Pisidist</strong></span> <span class='ocrx_word' id='word_1_65' title='bbox 605 2425 661 2486; x_wconf 90' lang='lat' dir='ltr'><strong>sed</strong></span> <span class='ocrx_word' id='word_1_66' title='bbox 679 2447 748 2486; x_wconf 90' lang='lat' dir='ltr'><strong>oum</strong></span> <span class='ocrx_word' id='word_1_67' title='bbox 761 2427 872 2486; x_wconf 82' lang='lat' dir='ltr'><strong>nullibi</strong></span> <span class='ocrx_word' id='word_1_68' title='bbox 887 2427 1034 2506; x_wconf 75' lang='lat' dir='ltr'><strong>Georgius</strong></span> <span class='ocrx_word' id='word_1_69' title='bbox 1048 2429 1178 2506; x_wconf 84' lang='lat' dir='ltr'><strong>petriam</strong></span> <span class='ocrx_word' id='word_1_70' title='bbox 1192 2445 1265 2506; x_wconf 91' lang='lat' dir='ltr'><strong>pro·</strong></span> 
     </span>
     <span class='ocr_line' id='line_1_10' title="bbox 159 2519 1265 2610; baseline 0 -24"><span class='ocrx_word' id='word_1_71' title='bbox 159 2525 273 2587; x_wconf 89' lang='lat' dir='ltr'><strong>diderit</strong></span> <span class='ocrx_word' id='word_1_72' title='bbox 291 2547 395 2606; x_wconf 86' lang='lat' dir='ltr'><strong>suam,</strong></span> <span class='ocrx_word' id='word_1_73' title='bbox 418 2530 455 2588; x_wconf 84' lang='lat' dir='ltr'><strong>sb</strong></span> <span class='ocrx_word' id='word_1_74' title='bbox 477 2532 544 2610; x_wconf 88' lang='lat' dir='ltr'><strong>ipsa</strong></span> <span class='ocrx_word' id='word_1_75' title='bbox 559 2519 660 2610; x_wconf 82' lang='lat' dir='ltr'><strong>potius</strong></span> <span class='ocrx_word' id='word_1_76' title='bbox 673 2531 797 2609; x_wconf 76' lang='lat' dir='ltr'>regione</span> <span class='ocrx_word' id='word_1_77' title='bbox 815 2528 925 2588; x_wconf 76' lang='lat' dir='ltr'><strong>Pisida</strong></span> <span class='ocrx_word' id='word_1_78' title='bbox 939 2525 1032 2610; x_wconf 76' lang='lat' dir='ltr'><strong>quern</strong></span> <span class='ocrx_word' id='word_1_79' title='bbox 1046 2531 1135 2588; x_wconf 83' lang='lat' dir='ltr'><strong>aliter</strong></span> <span class='ocrx_word' id='word_1_80' title='bbox 1151 2528 1190 2587; x_wconf 87' lang='lat' dir='ltr'><strong>ab</strong></span> <span class='ocrx_word' id='word_1_81' title='bbox 1204 2529 1265 2586; x_wconf 87' lang='lat' dir='ltr'><strong>ali-</strong></span> 
     </span>
     <span class='ocr_line' id='line_1_11' title="bbox 160 2626 1265 2712; baseline 0.002 -24"><span class='ocrx_word' id='word_1_82' title='bbox 160 2647 223 2712; x_wconf 78' lang='lat' dir='ltr'><strong>qua</strong></span> <span class='ocrx_word' id='word_1_83' title='bbox 246 2631 368 2688; x_wconf 74' lang='lat' dir='ltr'><strong>civitate</strong></span> <span class='ocrx_word' id='word_1_84' title='bbox 385 2626 588 2692; x_wconf 84' lang='lat' dir='ltr'><strong>nominandus</strong></span> <span class='ocrx_word' id='word_1_85' title='bbox 612 2633 705 2692; x_wconf 83' lang='lat' dir='ltr'><strong>venit.</strong></span> <span class='ocrx_word' id='word_1_86' title='bbox 741 2631 783 2692; x_wconf 84' lang='lat' dir='ltr'><strong>id</strong></span> <span class='ocrx_word' id='word_1_87' title='bbox 804 2641 907 2690; x_wconf 84' lang='lat' dir='ltr'><strong>autem</strong></span> <span class='ocrx_word' id='word_1_88' title='bbox 926 2633 1119 2711; x_wconf 80' lang='lat' dir='ltr'><strong>ongnominis</strong></span> <span class='ocrx_word' id='word_1_89' title='bbox 1135 2627 1265 2690; x_wconf 73' lang='lat' dir='ltr'><strong>dirersi-</strong></span> 
     </span>
     <span class='ocr_line' id='line_1_12' title="bbox 155 2731 1264 2812; baseline 0.004 -21"><span class='ocrx_word' id='word_1_90' title='bbox 155 2731 251 2791; x_wconf 87' lang='lat' dir='ltr'><strong>mode</strong></span> <span class='ocrx_word' id='word_1_91' title='bbox 271 2733 417 2812; x_wconf 81' lang='lat' dir='ltr'><strong>seriptum</strong></span> <span class='ocrx_word' id='word_1_92' title='bbox 436 2737 470 2792; x_wconf 91' lang='lat' dir='ltr'><strong>in</strong></span> <span class='ocrx_word' id='word_1_93' title='bbox 488 2753 552 2796; x_wconf 85' lang='lat' dir='ltr'><strong>mss</strong></span> <span class='ocrx_word' id='word_1_94' title='bbox 572 2731 725 2794; x_wconf 87' lang='lat' dir='ltr'><strong>oodioibus</strong></span> <span class='ocrx_word' id='word_1_95' title='bbox 742 2735 909 2811; x_wconf 78' lang='lat' dir='ltr'><strong>invenitur,</strong></span> <span class='ocrx_word' id='word_1_96' title='bbox 932 2736 1100 2810; x_wconf 71' lang='lat' dir='ltr'><strong>moestos,</strong></span> <span class='ocrx_word' id='word_1_97' title='bbox 1122 2731 1264 2810; x_wconf 75' lang='lat' dir='ltr'><strong>Hroidoo,</strong></span> 
     </span>
     <span class='ocr_line' id='line_1_13' title="bbox 158 2833 1265 2917; baseline -0.005 -19"><span class='ocrx_word' id='word_1_98' title='bbox 158 2835 323 2912; x_wconf 73' lang='grc' dir='ltr'><strong><em>Πισιδίαν,</em></strong></span> <span class='ocrx_word' id='word_1_99' title='bbox 347 2835 501 2916; x_wconf 71' lang='lat' dir='ltr'><strong>Heroides,</strong></span> <span class='ocrx_word' id='word_1_100' title='bbox 524 2837 664 2917; x_wconf 71' lang='lat' dir='ltr'><strong>Hrpoidrp,</strong></span> <span class='ocrx_word' id='word_1_101' title='bbox 687 2838 870 2914; x_wconf 71' lang='grc' dir='ltr'><strong><em>Πισσίδονς,</em></strong></span> <span class='ocrx_word' id='word_1_102' title='bbox 893 2837 1052 2910; x_wconf 75' lang='grc' dir='ltr'><strong><em>Πισίδονς.</em></strong></span> <span class='ocrx_word' id='word_1_103' title='bbox 1083 2833 1265 2915; x_wconf 75' lang='lat' dir='ltr'><strong>aofltephe—</strong></span> 
     </span>
     <span class='ocr_line' id='line_1_14' title="bbox 157 2933 1263 3019; baseline 0 -23"><span class='ocrx_word' id='word_1_104' title='bbox 157 2957 218 2997; x_wconf 91' lang='lat' dir='ltr'><strong>nus</strong></span> <span class='ocrx_word' id='word_1_105' title='bbox 232 2935 358 3018; x_wconf 87' lang='lat' dir='ltr'><strong>quidem</strong></span> <span class='ocrx_word' id='word_1_106' title='bbox 370 2941 554 3018; x_wconf 69' lang='lat' dir='ltr'><strong>Byzantinus</strong></span> <span class='ocrx_word' id='word_1_107' title='bbox 569 2933 606 2998; x_wconf 73' lang='lat' dir='ltr'><strong>de</strong></span> <span class='ocrx_word' id='word_1_108' title='bbox 624 2937 758 2998; x_wconf 78' lang='lat' dir='ltr'><strong>Urbibus</strong></span> <span class='ocrx_word' id='word_1_109' title='bbox 771 2959 832 3014; x_wconf 89' lang='lat' dir='ltr'><strong>eos,</strong></span> <span class='ocrx_word' id='word_1_110' title='bbox 855 2939 910 3019; x_wconf 80' lang='lat' dir='ltr'><strong>qui</strong></span> <span class='ocrx_word' id='word_1_111' title='bbox 922 2959 941 2996; x_wconf 81' lang='lat' dir='ltr'><strong>a</strong></span> <span class='ocrx_word' id='word_1_112' title='bbox 953 2937 1070 2997; x_wconf 77' lang='lat' dir='ltr'><strong>Pisidia</strong></span> <span class='ocrx_word' id='word_1_113' title='bbox 1083 2940 1141 2996; x_wconf 86' lang='lat' dir='ltr'><strong>orti</strong></span> <span class='ocrx_word' id='word_1_114' title='bbox 1153 2947 1263 3012; x_wconf 88' lang='lat' dir='ltr'><strong>essent,</strong></span> 
     </span>
     <span class='ocr_line' id='line_1_15' title="bbox 160 3033 1264 3122; baseline -0.005 -20"><span class='ocrx_word' id='word_1_115' title='bbox 160 3041 293 3114; x_wconf 70' lang='grc' dir='ltr'><strong>Πισίδας</strong></span> <span class='ocrx_word' id='word_1_116' title='bbox 306 3049 337 3099; x_wconf 82' lang='lat' dir='ltr'><strong>et</strong></span> <span class='ocrx_word' id='word_1_117' title='bbox 354 3033 491 3116; x_wconf 68' lang='lat' dir='ltr'><strong>Hsordrir=</strong></span> <span class='ocrx_word' id='word_1_118' title='bbox 504 3041 651 3122; x_wconf 77' lang='lat' dir='ltr'><strong>appellari</strong></span> <span class='ocrx_word' id='word_1_119' title='bbox 664 3039 813 3116; x_wconf 86' lang='lat' dir='ltr'><strong>ostendit,</strong></span> <span class='ocrx_word' id='word_1_120' title='bbox 834 3039 916 3121; x_wconf 86' lang='lat' dir='ltr'><strong>quod</strong></span> <span class='ocrx_word' id='word_1_121' title='bbox 926 3043 1026 3100; x_wconf 86' lang='lat' dir='ltr'><strong>Luoas</strong></span> <span class='ocrx_word' id='word_1_122' title='bbox 1039 3041 1215 3098; x_wconf 82' lang='lat' dir='ltr'><strong>Holstenius</strong></span> <span class='ocrx_word' id='word_1_123' title='bbox 1229 3041 1264 3098; x_wconf 88' lang='lat' dir='ltr'><strong>in</strong></span> 
     </span>
     <span class='ocr_line' id='line_1_16' title="bbox 160 3137 1264 3224; baseline 0 -24"><span class='ocrx_word' id='word_1_124' title='bbox 160 3145 226 3200; x_wconf 88' lang='lat' dir='ltr'><strong>suis</strong></span> <span class='ocrx_word' id='word_1_125' title='bbox 240 3141 277 3202; x_wconf 86' lang='lat' dir='ltr'><strong>ad</strong></span> <span class='ocrx_word' id='word_1_126' title='bbox 289 3141 420 3202; x_wconf 87' lang='lat' dir='ltr'><strong>eundem</strong></span> <span class='ocrx_word' id='word_1_127' title='bbox 434 3137 622 3222; x_wconf 84' lang='lat' dir='ltr'><strong>Stephanum</strong></span> <span class='ocrx_word' id='word_1_128' title='bbox 638 3143 883 3224; x_wconf 71' lang='lat' dir='ltr'><strong>castigationibus</strong></span> <span class='ocrx_word' id='word_1_129' title='bbox 906 3143 1107 3216; x_wconf 60' lang='lat' dir='ltr'><strong>sentiment,</strong></span> <span class='ocrx_word' id='word_1_130' title='bbox 1130 3140 1264 3200; x_wconf 78' lang='lat' dir='ltr'><strong>reterens</strong></span> 
     </span>
     <span class='ocr_line' id='line_1_17' title="bbox 160 3241 1263 3326; baseline 0 -24"><span class='ocrx_word' id='word_1_131' title='bbox 160 3243 245 3324; x_wconf 84' lang='lat' dir='ltr'><strong>opud</strong></span> <span class='ocrx_word' id='word_1_132' title='bbox 258 3244 408 3325; x_wconf 86' lang='lat' dir='ltr'><strong>Pyrrhum</strong></span> <span class='ocrx_word' id='word_1_133' title='bbox 421 3245 577 3324; x_wconf 83' lang='lat' dir='ltr'><strong>Ligarium</strong></span> <span class='ocrx_word' id='word_1_134' title='bbox 591 3257 709 3308; x_wconf 80' lang='lat' dir='ltr'><strong>exstare</strong></span> <span class='ocrx_word' id='word_1_135' title='bbox 721 3265 896 3321; x_wconf 87' lang='lat' dir='ltr'><strong>nummum,</strong></span> <span class='ocrx_word' id='word_1_136' title='bbox 919 3247 952 3304; x_wconf 92' lang='lat' dir='ltr'><strong>in</strong></span> <span class='ocrx_word' id='word_1_137' title='bbox 965 3265 1025 3326; x_wconf 86' lang='lat' dir='ltr'><strong>quo</strong></span> <span class='ocrx_word' id='word_1_138' title='bbox 1037 3247 1175 3303; x_wconf 78' lang='lat' dir='ltr'><strong>Minerva</strong></span> <span class='ocrx_word' id='word_1_139' title='bbox 1186 3241 1263 3303; x_wconf 83' lang='lat' dir='ltr'><strong>duos</strong></span> 
     </span>
     <span class='ocr_line' id='line_1_18' title="bbox 158 3337 1264 3429; baseline 0 -25"><span class='ocrx_word' id='word_1_140' title='bbox 158 3347 265 3406; x_wconf 89' lang='lat' dir='ltr'><strong>leones</strong></span> <span class='ocrx_word' id='word_1_141' title='bbox 278 3357 378 3424; x_wconf 90' lang='lat' dir='ltr'><strong>tenet,</strong></span> <span class='ocrx_word' id='word_1_142' title='bbox 396 3367 469 3406; x_wconf 78' lang='lat' dir='ltr'><strong>oum</strong></span> <span class='ocrx_word' id='word_1_143' title='bbox 484 3347 648 3429; x_wconf 82' lang='lat' dir='ltr'><strong>epigraphe</strong></span> <span class='ocrx_word' id='word_1_144' title='bbox 660 3337 905 3412; x_wconf 68' lang='lat' dir='ltr'>&#39;mmmm</span> <span class='ocrx_word' id='word_1_145' title='bbox 947 3349 981 3405; x_wconf 87' lang='lat' dir='ltr'><strong>in</strong></span> <span class='ocrx_word' id='word_1_146' title='bbox 998 3345 1145 3406; x_wconf 82' lang='lat' dir='ltr'><strong>Strabone</strong></span> <span class='ocrx_word' id='word_1_147' title='bbox 1161 3356 1264 3405; x_wconf 81' lang='lat' dir='ltr'><strong>autem</strong></span> 
     </span>
     <span class='ocr_line' id='line_1_19' title="bbox 158 3447 1262 3533; baseline 0.001 -25"><span class='ocrx_word' id='word_1_148' title='bbox 158 3447 241 3524; x_wconf 69' lang='lat' dir='ltr'><strong>liat</strong></span> <span class='ocrx_word' id='word_1_149' title='bbox 253 3471 290 3528; x_wconf 84' lang='lat' dir='ltr'><strong>p.</strong></span> <span class='ocrx_word' id='word_1_150' title='bbox 301 3455 343 3516; x_wconf 81' lang='grc'><strong>60</strong></span> <span class='ocrx_word' id='word_1_151' title='bbox 361 3451 453 3509; x_wconf 85' lang='lat' dir='ltr'><strong>etiam</strong></span> <span class='ocrx_word' id='word_1_152' title='bbox 468 3451 639 3528; x_wconf 70' lang='grc' dir='ltr'><strong><em>Πισιδικοί,</em></strong></span> <span class='ocrx_word' id='word_1_153' title='bbox 662 3455 714 3533; x_wconf 87' lang='lat' dir='ltr'><strong>qui</strong></span> <span class='ocrx_word' id='word_1_154' title='bbox 726 3473 742 3512; x_wconf 92' lang='lat' dir='ltr'><strong>e</strong></span> <span class='ocrx_word' id='word_1_155' title='bbox 756 3449 871 3510; x_wconf 82' lang='lat' dir='ltr'><strong>Pisidia</strong></span> <span class='ocrx_word' id='word_1_156' title='bbox 882 3459 996 3524; x_wconf 82' lang='lat' dir='ltr'><strong>essent,</strong></span> <span class='ocrx_word' id='word_1_157' title='bbox 1020 3447 1262 3510; x_wconf 79' lang='lat' dir='ltr'><strong>denominantur.</strong></span> 
     </span>
     <span class='ocr_line' id='line_1_20' title="bbox 159 3549 1261 3633; baseline 0 -24"><span class='ocrx_word' id='word_1_158' title='bbox 159 3561 191 3610; x_wconf 87' lang='lat' dir='ltr'><strong>at</strong></span> <span class='ocrx_word' id='word_1_159' title='bbox 206 3569 223 3609; x_wconf 87' lang='lat' dir='ltr'><strong>a</strong></span> <span class='ocrx_word' id='word_1_160' title='bbox 238 3551 393 3612; x_wconf 79' lang='lat' dir='ltr'><strong>Clemente</strong></span> <span class='ocrx_word' id='word_1_161' title='bbox 405 3553 497 3612; x_wconf 84' lang='lat' dir='ltr'><strong>Aiax.</strong></span> <span class='ocrx_word' id='word_1_162' title='bbox 513 3563 583 3614; x_wconf 82' lang='lat' dir='ltr'><strong>tom.</strong></span> <span class='ocrx_word' id='word_1_163' title='bbox 597 3557 615 3618; x_wconf 93' lang='lat'>1</span> <span class='ocrx_word' id='word_1_164' title='bbox 630 3576 667 3633; x_wconf 83' lang='lat' dir='ltr'><strong>p·</strong></span> <span class='ocrx_word' id='word_1_165' title='bbox 679 3555 720 3620; x_wconf 81' lang='lat'><strong>61</strong></span> <span class='ocrx_word' id='word_1_166' title='bbox 738 3551 899 3614; x_wconf 82' lang='lat' dir='ltr'><strong>Cleanthes</strong></span> <span class='ocrx_word' id='word_1_167' title='bbox 913 3549 1117 3632; x_wconf 87' lang='lat' dir='ltr'><strong>philosophus·</strong></span> <span class='ocrx_word' id='word_1_168' title='bbox 1131 3551 1261 3625; x_wconf 78' lang='lat' dir='ltr'><strong>Stoicus,</strong></span> 
     </span>
     <span class='ocr_line' id='line_1_21' title="bbox 156 3643 1265 3736; baseline 0 -22"><span class='ocrx_word' id='word_1_169' title='bbox 156 3651 241 3734; x_wconf 85' lang='lat' dir='ltr'><strong>quod</strong></span> <span class='ocrx_word' id='word_1_170' title='bbox 264 3675 281 3712; x_wconf 91' lang='lat' dir='ltr'><strong>e</strong></span> <span class='ocrx_word' id='word_1_171' title='bbox 303 3655 436 3732; x_wconf 86' lang='lat' dir='ltr'><strong>Pisidia,</strong></span> <span class='ocrx_word' id='word_1_172' title='bbox 458 3665 493 3715; x_wconf 91' lang='lat' dir='ltr'><strong>ut</strong></span> <span class='ocrx_word' id='word_1_173' title='bbox 510 3667 612 3716; x_wconf 85' lang='lat' dir='ltr'><strong>noster</strong></span> <span class='ocrx_word' id='word_1_174' title='bbox 633 3658 798 3736; x_wconf 77' lang='lat' dir='ltr'><strong>Georgius,</strong></span> <span class='ocrx_word' id='word_1_175' title='bbox 820 3666 901 3715; x_wconf 83' lang='lat' dir='ltr'><strong>esset</strong></span> <span class='ocrx_word' id='word_1_176' title='bbox 922 3653 1084 3728; x_wconf 84' lang='lat' dir='ltr'><strong>oriundus,</strong></span> <span class='ocrx_word' id='word_1_177' title='bbox 1108 3643 1265 3726; x_wconf 70' lang='grc' dir='ltr'><strong><em>Πισαδεῦς</em></strong></span> 
     </span>
     <span class='ocr_line' id='line_1_22' title="bbox 156 3756 1264 3840; baseline -0.002 -26"><span class='ocrx_word' id='word_1_178' title='bbox 156 3758 343 3836; x_wconf 80' lang='lat' dir='ltr'><strong>appellatus-3</strong></span> <span class='ocrx_word' id='word_1_179' title='bbox 367 3756 493 3840; x_wconf 84' lang='lat' dir='ltr'><strong>proinde</strong></span> <span class='ocrx_word' id='word_1_180' title='bbox 513 3777 575 3818; x_wconf 88' lang='lat' dir='ltr'><strong>uon</strong></span> <span class='ocrx_word' id='word_1_181' title='bbox 594 3769 674 3818; x_wconf 81' lang='lat' dir='ltr'><strong>reue</strong></span> <span class='ocrx_word' id='word_1_182' title='bbox 696 3759 877 3838; x_wconf 82' lang='lat' dir='ltr'><strong>Sylbnrgins</strong></span> <span class='ocrx_word' id='word_1_183' title='bbox 897 3767 929 3816; x_wconf 85' lang='lat' dir='ltr'><strong>et</strong></span> <span class='ocrx_word' id='word_1_184' title='bbox 946 3757 1106 3836; x_wconf 81' lang='lat' dir='ltr'><strong>Menegius</strong></span> <span class='ocrx_word' id='word_1_185' title='bbox 1119 3761 1264 3834; x_wconf 85' lang='lat' dir='ltr'><strong>putarunt</strong></span> 
     </span>
     <span class='ocr_line' id='line_1_23' title="bbox 156 3853 1263 3942; baseline 0 -28"><span class='ocrx_word' id='word_1_186' title='bbox 156 3857 201 3915; x_wconf 87' lang='lat' dir='ltr'><strong>ibi</strong></span> <span class='ocrx_word' id='word_1_187' title='bbox 213 3853 337 3934; x_wconf 76' lang='grc' dir='ltr'><strong><em>Ἀσσεός</em></strong></span> <span class='ocrx_word' id='word_1_188' title='bbox 349 3879 405 3940; x_wconf 80' lang='lat' dir='ltr'><strong>pru</strong></span> <span class='ocrx_word' id='word_1_189' title='bbox 421 3855 575 3934; x_wconf 70' lang='lat' dir='ltr'><strong>Hroudsrio</strong></span> <span class='ocrx_word' id='word_1_190' title='bbox 589 3861 730 3923; x_wconf 85' lang='lat' dir='ltr'><strong>substitui</strong></span> <span class='ocrx_word' id='word_1_191' title='bbox 744 3859 865 3937; x_wconf 83' lang='lat' dir='ltr'><strong>debere,</strong></span> <span class='ocrx_word' id='word_1_192' title='bbox 888 3861 1028 3942; x_wconf 82' lang='lat' dir='ltr'><strong>quamvis</strong></span> <span class='ocrx_word' id='word_1_193' title='bbox 1040 3868 1157 3916; x_wconf 79' lang='lat' dir='ltr'><strong>eertum</strong></span> <span class='ocrx_word' id='word_1_194' title='bbox 1168 3858 1208 3915; x_wconf 86' lang='lat' dir='ltr'><strong>sit</strong></span> <span class='ocrx_word' id='word_1_195' title='bbox 1221 3873 1263 3914; x_wconf 83' lang='lat' dir='ltr'><strong>ex</strong></span> 
     </span>
     <span class='ocr_line' id='line_1_24' title="bbox 156 3959 1264 4042; baseline -0.003 -24"><span class='ocrx_word' id='word_1_196' title='bbox 156 3961 235 4022; x_wconf 74' lang='lat' dir='ltr'><strong>suo</strong></span> <span class='ocrx_word' id='word_1_197' title='bbox 254 3963 366 4042; x_wconf 80' lang='lat' dir='ltr'><strong>Lyciae</strong></span> <span class='ocrx_word' id='word_1_198' title='bbox 387 3962 461 4020; x_wconf 85' lang='lat' dir='ltr'><strong>urbe</strong></span> <span class='ocrx_word' id='word_1_199' title='bbox 483 3971 583 4022; x_wconf 84' lang='lat' dir='ltr'><strong>orrum</strong></span> <span class='ocrx_word' id='word_1_200' title='bbox 599 3982 665 4023; x_wconf 86' lang='lat' dir='ltr'><strong>esse</strong></span> <span class='ocrx_word' id='word_1_201' title='bbox 684 3962 880 4024; x_wconf 76' lang='lat' dir='ltr'><strong>Cleanthem:</strong></span> <span class='ocrx_word' id='word_1_202' title='bbox 900 3964 1010 4022; x_wconf 72' lang='lat' dir='ltr'><strong>meluit</strong></span> <span class='ocrx_word' id='word_1_203' title='bbox 1023 3962 1106 4020; x_wconf 88' lang='lat' dir='ltr'><strong>enim</strong></span> <span class='ocrx_word' id='word_1_204' title='bbox 1122 3959 1264 4018; x_wconf 78' lang='lat' dir='ltr'><strong>clemens</strong></span> 
     </span>
     <span class='ocr_line' id='line_1_25' title="bbox 158 4063 1265 4148; baseline -0.005 -28"><span class='ocrx_word' id='word_1_205' title='bbox 158 4081 229 4120; x_wconf 85' lang='lat' dir='ltr'><strong>eum</strong></span> <span class='ocrx_word' id='word_1_206' title='bbox 252 4082 269 4122; x_wconf 89' lang='lat' dir='ltr'><strong>a</strong></span> <span class='ocrx_word' id='word_1_207' title='bbox 292 4067 447 4145; x_wconf 72' lang='lat' dir='ltr'><strong>provincia</strong></span> <span class='ocrx_word' id='word_1_208' title='bbox 470 4063 636 4125; x_wconf 82' lang='lat' dir='ltr'><strong>Pisodeum</strong></span> <span class='ocrx_word' id='word_1_209' title='bbox 653 4085 746 4148; x_wconf 86' lang='lat' dir='ltr'><strong>quam</strong></span> <span class='ocrx_word' id='word_1_210' title='bbox 764 4085 783 4125; x_wconf 87' lang='lat' dir='ltr'><strong>s</strong></span> <span class='ocrx_word' id='word_1_211' title='bbox 799 4067 897 4147; x_wconf 82' lang='lat' dir='ltr'><strong>patria</strong></span> <span class='ocrx_word' id='word_1_212' title='bbox 910 4063 986 4123; x_wconf 84' lang='lat' dir='ltr'><strong>urbe</strong></span> <span class='ocrx_word' id='word_1_213' title='bbox 998 4063 1133 4121; x_wconf 70' lang='grc' dir='ltr'><em>Αωωηι</em></span> <span class='ocrx_word' id='word_1_214' title='bbox 1144 4076 1265 4118; x_wconf 80' lang='lat' dir='ltr'><strong>vocare.</strong></span> 
     </span>
     <span class='ocr_line' id='line_1_26' title="bbox 157 4165 1264 4243; baseline -0.004 -18"><span class='ocrx_word' id='word_1_215' title='bbox 157 4175 291 4224; x_wconf 77' lang='lat' dir='ltr'><strong>ueterum</strong></span> <span class='ocrx_word' id='word_1_216' title='bbox 308 4187 370 4226; x_wconf 86' lang='lat' dir='ltr'><strong>uua</strong></span> <span class='ocrx_word' id='word_1_217' title='bbox 391 4167 528 4226; x_wconf 85' lang='lat' dir='ltr'><strong>omnium</strong></span> <span class='ocrx_word' id='word_1_218' title='bbox 550 4173 740 4230; x_wconf 82' lang='lat' dir='ltr'><strong>consentiens</strong></span> <span class='ocrx_word' id='word_1_219' title='bbox 755 4189 820 4228; x_wconf 82' lang='lat' dir='ltr'><strong>vox</strong></span> <span class='ocrx_word' id='word_1_220' title='bbox 837 4179 898 4243; x_wconf 87' lang='lat' dir='ltr'><strong>est,</strong></span> <span class='ocrx_word' id='word_1_221' title='bbox 919 4165 1043 4227; x_wconf 78' lang='lat' dir='ltr'><strong>Pisidas</strong></span> <span class='ocrx_word' id='word_1_222' title='bbox 1054 4166 1149 4222; x_wconf 76' lang='lat' dir='ltr'><strong>fuisse</strong></span> <span class='ocrx_word' id='word_1_223' title='bbox 1164 4179 1264 4240; x_wconf 82' lang='lat' dir='ltr'><strong>quon·</strong></span> 
     </span>
     <span class='ocr_line' id='line_1_27' title="bbox 157 4259 1265 4354; baseline -0.004 -28"><span class='ocrx_word' id='word_1_224' title='bbox 157 4263 231 4326; x_wconf 85' lang='lat' dir='ltr'><strong>dam</strong></span> <span class='ocrx_word' id='word_1_225' title='bbox 256 4267 394 4348; x_wconf 60' lang='lat' dir='ltr'><strong>Sohrmos</strong></span> <span class='ocrx_word' id='word_1_226' title='bbox 411 4281 620 4350; x_wconf 78' lang='lat' dir='ltr'><strong>nuncupatos3</strong></span> <span class='ocrx_word' id='word_1_227' title='bbox 643 4292 678 4332; x_wconf 87' lang='lat' dir='ltr'><strong>ao</strong></span> <span class='ocrx_word' id='word_1_228' title='bbox 697 4274 761 4334; x_wconf 90' lang='lat' dir='ltr'><strong>suis</strong></span> <span class='ocrx_word' id='word_1_229' title='bbox 779 4290 902 4354; x_wconf 76' lang='lat' dir='ltr'><strong>quoque</strong></span> <span class='ocrx_word' id='word_1_230' title='bbox 913 4267 1101 4348; x_wconf 78' lang='lat' dir='ltr'><strong>tenporibus</strong></span> <span class='ocrx_word' id='word_1_231' title='bbox 1117 4259 1265 4345; x_wconf 75' lang='lat' dir='ltr'><strong>quosdam</strong></span> 
     </span>
     <span class='ocr_line' id='line_1_28' title="bbox 201 4370 1056 4449; baseline 0.004 -21"><span class='ocrx_word' id='word_1_232' title='bbox 201 4375 301 4449; x_wconf 63' lang='grc' dir='ltr'><strong><em>θεας.</em></strong></span> <span class='ocrx_word' id='word_1_233' title='bbox 324 4377 408 4434; x_wconf 72' lang='lat' dir='ltr'><strong>Pisid</strong></span> <span class='ocrx_word' id='word_1_234' title='bbox 1036 4370 1056 4431; x_wconf 91' lang='lat'>1</span> 
     </span>
    </p>
   </div>
   <div class='ocr_carea' id='block_1_4' title="bbox 0 0 1504 4850">
    <p class='ocr_par' dir='ltr' id='par_1_4' title="bbox 0 0 1504 4850">
     <span class='ocr_line' id='line_1_29' title="bbox 0 0 1504 4850; baseline 0 0"><span class='ocrx_word' id='word_1_235' title='bbox 0 0 1504 4850; x_wconf 95' lang='lat' dir='ltr'><strong> </strong></span> 
     </span>
    </p>
   </div>
  </div>
 </body>
</html>
