3000 4850
506 338 510 349 ·
566 321 811 398 emissum
865 383 869 393 ,
1200 348 1238 399 rx

134 495 200 579 psit
218 500 324 555 noster
339 488 507 572 Georgius,
527 488 604 551 brec
624 501 711 552 sonte
737 493 770 554 1.
789 486 1012 565 Hexoiineron,
1037 496 1071 558 Ξ,
1088 494 1237 557 bolino-

136 598 249 669 cls'rms,
272 601 305 663 8.
330 594 459 655 debello
473 596 608 667 Persico,
633 594 668 657 4.
686 592 840 665 Aterion,
860 591 944 657 eto.
965 596 1131 655 encomium
1141 598 1238 658 Ano-

135 702 231 761 etoe'u'
239 700 390 776 martyris.
435 708 524 780 etque
542 694 577 757 id
597 694 721 778 quidem
734 714 798 755 oon
808 696 881 755 setis
893 705 973 755 reete
985 694 1141 757 definitum
1154 710 1201 760 est
1216 720 1237 760 e

136 800 255 864 suto:
275 802 336 861 elie
350 802 433 861 enim
446 798 583 861 eiusdem
595 801 724 859 sudoris
736 798 880 877 opusculo
891 799 980 857 uobis
989 801 1124 859 invenire
1138 796 1236 861 couti-

139 906 206 987 git,
226 924 304 987 quse
317 902 442 965 asota
451 924 513 963 non
524 913 743 978 memorantur,
765 902 816 959 vel
835 898 918 982 quod
930 920 1034 960 eorum
1042 903 1108 981 ipse
1118 905 1238 964 nullom
1307 975 1311 987 .

137 1005 283 1069 hebuerit
304 1008 459 1084 notitism3
482 1006 533 1067 rel
553 1002 648 1087 quod,
669 1014 704 1063 ut
724 1012 828 1062 temen
843 1005 945 1063 micus
961 1000 1117 1066 verc'esse
1136 1008 1237 1066 simile

138 1109 233 1169 nobis
250 1105 382 1185 videtur,
406 1128 442 1167 es
458 1124 525 1169 esse
542 1104 761 1168 contemnende
772 1107 932 1187 poteret-it.
974 1125 1009 1165 eo
1023 1112 1052 1173 1.
1064 1108 1103 1167 de
1113 1112 1238 1171 flexob-

138 1228 245 1287 mero‚
266 1208 348 1293 quod
368 1209 505 1271 adfirmet
527 1212 653 1291 longum
670 1211 764 1271 foisse
784 1216 909 1290 poeno,
936 1208 1018 1291 quod
1034 1212 1130 1271 tribus
1150 1206 1238 1272 mille

140 1314 270 1374 mois
283 1323 446 1390 constaret,
468 1312 636 1373 dubitarem
649 1315 790 1389 omnino,
812 1332 851 1371 eu
862 1311 896 1371 id
906 1330 1041 1393 uuquam
1053 1334 1159 1374 remm
1170 1335 1237 1376 esse

139 1417 291 1496 putruerit,
312 1434 383 1476 urm
393 1415 501 1477 nullibi
514 1426 656 1497 spperset
668 1419 878 1475 Hexebmsrou
892 1434 958 1475 esse
972 1408 1130 1495 mutiluirr,
1153 1425 1184 1478 et
1195 1438 1238 1479 ex

140 1517 285 1577 omnibus
296 1515 448 1579 codicibus
461 1516 620 1596 diligenter
629 1520 764 1579 excussis
776 1529 866 1600 etque
878 1514 1007 1579 evolutis
1022 1522 1078 1580 rix
1091 1520 1151 1581 duo
1161 1524 1238 1581 mil·

140 1620 189 1679 lie
206 1621 378 1682 lemborum
396 1622 485 1681 uobis
502 1624 643 1703 colligere
656 1622 784 1681 licuerit.
828 1641 918 1703 quere
933 1632 980 1681 tot
995 1639 1098 1684 versus
1113 1626 1238 1684 interci-

141 1718 227 1781 disse
237 1721 416 1802 penusdere
429 1721 507 1785 mibi
519 1744 582 1785 non
595 1736 746 1806 potorem,
769 1745 804 1784 sc
814 1726 914 1804 potius
924 1715 1070 1785 mendum
1080 1730 1113 1785 in
1124 1727 1240 1788 Stridee

140 1832 265 1885 textum
284 1827 437 1905 irrepsisse
460 1832 582 1887 susurru
603 1830 668 1907 ipse
691 1828 874 1906 cogitebsm,
894 1836 930 1885 ut
953 1848 1008 1907 pro
1027 1820 1172 1910 epsopliso
1187 1831 1236 1889 le·
1249 1846 1279 1905 p.
1294 1830 1323 1887 X

141 1924 278 2005 gendum
297 1938 376 1987 esset
394 1928 532 2009 δισχίλια.
573 1934 694 2005 rerum,
715 1932 742 1988 si
757 1930 857 2008 pleoet
873 1928 1020 2011 quosdam
1032 1934 1127 1989 etiem
1139 1934 1237 1991 tersi-

141 2028 227 2087 culos
239 2048 281 2089 ex
291 2008 352 2089 hoc
364 2042 501 2110 peomne
515 2032 633 2093 eruhos
646 2030 823 2108 desiderari,
844 2050 907 2090 oon
919 2033 1053 2111 negabo:
1073 2052 1144 2092 oum
1157 2035 1239 2094 enim

141 2140 244 2191 totum
262 2142 377 2192 constet
391 2134 495 2193 multis
509 2136 596 2215 qussi
608 2136 762 2215 particulis
774 2145 804 2193 et
817 2134 975 2210 membris,
1000 2134 1045 2192 nss
1060 2124 1248 2215 proficisci--

141 2230 204 2293 lius
219 2250 313 2313 quem
326 2244 360 2293 ut
372 2238 590 2317 exscriptorum
602 2238 717 2295 incuria
730 2256 790 2295 une
802 2238 853 2295 rel
864 2237 958 2295 altere
971 2238 1094 2316 perierit
1106 2250 1138 2297 et
1150 2240 1242 2299 efflu-

141 2335 224 2393 xerit
241 2354 285 2395 ex
298 2336 361 2397 illis
376 2335 639 2419 descriptionibus,
661 2358 735 2421 ques
755 2337 792 2398 de
811 2337 948 2419 lepidum
964 2342 1194 2422 plenturmnque
1209 2350 1241 2401 e't

142 2439 325 2498 animalium
342 2443 535 2522 qualitatibus
554 2443 680 2503 sonasse
695 2441 860 2503 'exhibebat
873 2455 985 2504 auctor.
1026 2442 1061 2504 id
1072 2453 1174 2504 eutem
1188 2463 1242 2504 oo·

144 2537 228 2600 dices
239 2543 300 2620 ipsi
313 2543 486 2604 confirmare
500 2543 655 2624 ridentur,
676 2549 709 2606 io
728 2548 837 2629 quibus
855 2540 1008 2622 clunibus,
1031 2549 1057 2606 si
1071 2567 1167 2606 unoro
1179 2548 1244 2608 Ve-

143 2641 280 2700 fivmttm
294 2647 375 2710 1126
389 2649 532 2728 excipies,
552 2669 710 2731 perperam
724 2653 879 2731 scriptum,
898 2651 1111 2730 interpolatum
1124 2669 1159 2710 ec
1170 2671 1242 2709 mu-

145 2743 235 2802 filum
256 2747 469 2810 Hexetmeron
489 2751 704 2832 deprehendes.
746 2757 780 2818 2.
801 2756 834 2813 in
856 2756 1029 2814 llersolium
1049 2755 1141 2833 irop.,
1164 2772 1243 2834 quse

146 2843 257 2906 Stridss
269 2857 394 2910 testetur
404 2855 557 2934 scripsisse
568 2855 712 2932 puidam,
735 2867 805 2917 smrt
818 2859 908 2940 plene
923 2875 1058 2917 scrooscs
1070 2867 1141 2930 tres,
1164 2864 1243 2935 q'uee

148 2953 251 3008 stetim
264 2954 296 3010 in
308 2955 454 3035 principio
467 2955 592 3018 huiusce
606 2961 680 3018 tomi
693 2972 849 3019 occurrent
863 2960 918 3019 sub
932 2957 990 3018 hoc
1002 2959 1107 3017 titulo:
1129 2957 1174 3030 ele
1185 2951 1245 3034 τήν

147 3047 224 3114 md
238 3057 367 3138 uepres
378 3055 568 3142 ἐκστρατείαν
577 3059 749 3144 Ἡρακλείου
759 3067 817 3126 sori
827 3061 978 3146 βασιλέως.
1020 3059 1078 3118 hoc
1092 3076 1167 3137 opus
1178 3072 1242 3116 unu

149 3171 221 3212 oum
233 3153 308 3233 eliis,
330 3178 407 3241 quse
422 3160 562 3244 deinceps
575 3184 593 3223 e
608 3163 703 3226 suite
714 3163 883 3241 laudentur,
904 3161 1088 3224 intercidisse
1104 3159 1241 3218 omnium
1258 3194 1263 3212 .

147 3258 266 3334 primus
285 3262 441 3324 erbioetru
459 3277 505 3326 est
517 3269 674 3345 licostenes,
697 3289 732 3326 ec
746 3280 814 3348 post
829 3289 899 3326 eum
912 3259 1008 3340 Cere,
1029 3264 1083 3345 qui
1098 3263 1189 3320 etiem
1201 3258 1241 3319 de

149 3378 205 3420 suo
219 3361 306 3424 nobis
324 3366 457 3429 obtrudit
472 3389 608 3430 ecrouses
623 3368 660 3430 de
677 3373 817 3432 Heraclio
834 3381 957 3451 egentes
971 3359 1241 3428 hismum'rmm

148 3460 189 3519 ab
200 3465 347 3528 Heraclio
354 3481 510 3549 gestarum
521 3483 550 3531 et
559 3472 633 3531 belli
643 3475 760 3532 Persici
769 3477 929 3536 continere.
956 3474 1074 3531 utinum
1084 3468 1242 3528 historiam

150 3567 247 3644 potius
262 3586 356 3649 quem
368 3575 485 3635 ieiunos
496 3577 658 3636 seniculus
670 3577 837 3655 scripsisset
844 3575 957 3651 Pisida,
979 3593 1019 3634 ex
1034 3573 1141 3654 quibus
1153 3589 1244 3649 seepe

151 3663 283 3728 divinem
303 3675 358 3732 vix
373 3679 469 3754 possis
490 3677 563 3760 quid
584 3681 649 3760 ipse
668 3681 789 3739 sentiet.
831 3678 967 3740 Oudinus
994 3676 1096 3736 omnis
1122 3671 1244 3732 Pisidae

151 3787 240 3848 opere
253 3791 272 3830 e
285 3773 381 3835 Suide
396 3791 560 3840 memorate
575 3791 693 3840 exstars
709 3784 743 3841 in
756 3779 937 3843 bibliothece
950 3783 1093 3841 Vetissus
1108 3797 1150 3835 ex
1163 3775 1244 3834 blel-

150 3876 218 3932 uest
235 3878 422 3954 preefstione
440 3885 473 3942 iu
491 3885 674 3964 Procopium
694 3881 854 3960 didiceret,
878 3882 933 3945 sed
949 3886 1015 3964 ipse
1032 3901 1153 3965 quoque
1177 3897 1247 3937 cum

151 3974 229 4036 Cave
241 3981 274 4038 in
288 4001 420 4044 errorem
434 3984 581 4047 adductus
597 3988 755 4046 luerem
767 3988 805 4047 de
813 3987 903 4046 rebus
915 3987 1057 4046 Heraclei
1068 3983 1157 4045 uobis
1169 3981 1245 4040 reli-

152 4079 251 4155 iffiffl
271 4083 407 4146 Pisidam
427 4091 621 4152 existimarit.
664 4089 751 4166 inde,
774 4100 809 4150 ut
828 4093 944 4167 sentio,
965 4107 1070 4150 eorum
1092 4094 1175 4145 ortus
1200 4091 1248 4140 est

152 4199 245 4260 ²³0¹,
267 4183 351 4267 quod
372 4201 440 4250 ente
463 4193 636 4254 Meltretum
658 4215 699 4254 ex
717 4192 830 4255 Suidoe
842 4204 930 4252 textu
943 4211 1005 4250 noo
1021 4192 1094 4249 setis
1107 4189 1247 4268 liqueret,

154 4304 229 4368 quse
256 4303 359 4354 noster
381 4296 528 4377 Georgius
556 4306 652 4356 metro
681 4295 822 4358 adstricto
844 4306 875 4355 et
893 4313 972 4379 ques
993 4294 1093 4354 solute
1113 4287 1249 4349 cretione
