3000 4850
219 318 271 373 ru
616 300 619 306 ’
682 296 857 381 osunen

220 481 321 531 terum
340 464 400 529 hoo
420 464 607 547 podmatiom
629 462 668 525 de
689 484 749 547 quo
768 465 857 546 plura
877 462 952 525 alibi
973 460 1053 525 dicta
1073 473 1163 543 snut,
1185 468 1327 530 omnium

222 574 434 657 opusculorum
446 568 567 630 Pisidae
578 568 711 649 primum
724 577 788 644 est,
817 588 853 627 uo
867 565 995 649 proinde
1008 569 1108 647 prima
1123 569 1157 627 in
1169 568 1242 629 sede
1255 573 1327 631 col-

221 672 466 737 locandumfuit.
508 690 585 754 quoe
599 680 765 752 sequuntur
778 670 860 729 euim
878 668 1091 753 pertineut'a'd
1108 688 1145 727 ea
1161 682 1327 751 quassum
1435 712 1441 723 .

222 788 293 839 suut
308 786 377 858 post
396 792 509 833 anuum
528 778 570 839 12
588 772 709 852 imperii
728 767 866 830 eiusdem
879 774 1027 851 Heraclii,
1049 770 1162 833 Christi
1174 776 1256 851 6223
1282 776 1325 833 in

222 898 314 961 quem
326 874 432 937 Incidit
444 884 609 935 memorata
617 875 738 933 Persice
751 871 905 953 expeditio
919 876 1028 954 prima.

305 983 347 1043 2:
381 978 440 1054 Ede
464 974 521 1059 τήν
544 973 710 1062 γενομένην
730 974 845 1055 ἔφοδον
865 979 928 1039 τοῖν
947 970 1113 1058 βαρβάρων
1129 976 1183 1041 sul
1198 977 1244 1053 εἰς
1258 974 1325 1061 τήν

222 1072 327 1145 educis
341 1074 499 1161 οότοχίον,
520 1075 590 1159 ἤτοι
606 1076 726 1153 traseae
740 1081 798 1143 sori
812 1076 977 1160 γενομένου
992 1078 1125 1161 πολέμου
1143 1080 1189 1155 εἰς
1203 1076 1239 1145 sd
1256 1086 1325 1145 ssi·

221 1205 277 1267 γος
289 1185 345 1263 τῆς
361 1173 707 1253 Κυνοτυνττνουττόλευς
725 1174 834 1260 perciti
853 1174 1072 1263 Ἀβοὶροννοὶ
1092 1185 1154 1244 τοῖν
1174 1186 1322 1245 πολιτῶν.

221 1284 261 1343 ds
274 1281 537 1362 irwurssenefizeta
548 1300 570 1339 ο
585 1279 720 1339 &bursis
733 1300 773 1339 ac
784 1280 822 1339 ds
825 1278 978 1359 frustrato
990 1303 1091 1341 eorum
1103 1284 1240 1357 οοιοτίΙτο,
1254 1286 1325 1344 eive

222 1388 363 1465 sepeciem
379 1384 452 1443 beili
463 1383 545 1464 quod
554 1392 674 1463 gestuum
686 1392 730 1441 eet
745 1382 917 1442 aarum
933 1384 1055 1462 Cpolsoe
1068 1384 1274 1444 interritam
1289 1396 1324 1443 et

222 1490 312 1548 ciues.
356 1485 446 1549 huius
459 1488 623 1567 poematis,
645 1471 728 1567 q'uod
741 1494 856 1543 constat
867 1484 926 1549 541
943 1488 1077 1562 senariis,
1098 1488 1216 1547 unllam
1227 1507 1323 1548 men-

220 1591 336 1650 tionem
354 1590 480 1670 ingessit
492 1590 638 1663 Allatius3
668 1584 749 1669 quod
768 1587 859 1666 plone
877 1587 1032 1647 confirmat
1049 1586 1183 1648 codicem
1195 1588 1321 1648 Vatica-

220 1712 314 1769 num,
337 1712 378 1751 ex
393 1710 453 1773 quo
466 1689 677 1770 depromptum
690 1699 750 1764 est,
781 1708 853 1747 eum
867 1708 929 1749 nou
942 1689 1065 1752 vidisse.
1107 1688 1145 1749 de
1157 1691 1319 1766 meeum,

221 1796 276 1877 qui
298 1814 368 1853 cum
388 1791 456 1853 aliis
471 1794 542 1853 feris
556 1792 694 1873 gentibus
706 1794 912 1852 Romanorum
924 1790 1070 1853 ditionem
1081 1790 1222 1877 invadere
1236 1810 1271 1851 ec
1282 1794 1320 1852 si

222 1907 254 1957 et
270 1898 350 1957 ferro
371 1907 487 1956 vastare
507 1898 617 1955 iterum
638 1898 807 1975 iterumque
826 1895 925 1953 moliti
948 1906 1035 1971 sunt,
1066 1896 1200 1976 pluribus
1222 1905 1320 1974 agmst

221 2002 380 2080 scriptores
392 2000 561 2079 Byzmtiui.
603 2016 660 2056 nos
676 1998 709 2055 iu
721 1997 838 2055 monito
858 2007 889 2055 et
906 2000 986 2057 uotis
1004 1996 1044 2057 ud
1059 1997 1119 2057 hoo
1132 2000 1317 2076 poenariae,

221 2111 368 2183 quantum
395 2102 467 2161 satis
491 2110 552 2177 est,
590 2096 734 2159 diximus.
776 2099 932 2158 Heraclius
953 2098 1086 2160 seeundo
1110 2100 1191 2160 bello
1213 2110 1319 2159 conoe

220 2202 388 2264 Ohosroam
401 2213 538 2283 ssuoepto
560 2200 636 2261 adeo
653 2202 805 2279 praeclare
817 2220 884 2259 rem
894 2204 996 2261 statim
1008 2212 1158 2282 gesserat,
1185 2214 1220 2263 ut
1235 2220 1317 2261 anuo

219 2314 354 2365 vertente
366 2308 429 2371 626
440 2304 503 2363 fere
518 2306 551 2363 iu
567 2303 805 2386 desperationem
816 2316 900 2365 actus
913 2304 1060 2367 Chosroes
1073 2306 1211 2385 edomia,
1225 2314 1260 2365 ut
1271 2307 1317 2365 ait

218 2404 423 2489 Theophanes
436 2429 470 2486 p·
487 2410 560 2484 268,
582 2406 697 2468 etesius
714 2420 742 2467 ιι
750 2408 900 2490 semeles,
912 2431 948 2470 es
959 2412 1043 2470 omni
1053 2412 1197 2470 omarum
1207 2429 1318 2491 geum

216 2512 291 2570 viru
311 2509 451 2583 adlectus,
471 2511 577 2571 ultime
600 2514 730 2592 experiri
754 2511 928 2574 decreverit.
973 2512 1142 2573 Sardorum
1157 2532 1227 2572 νττο
1244 2533 1316 2572 otuu

215 2612 332 2692 reliquo
347 2615 475 2672 οτοτοίιυ
494 2615 602 2692 cpolin
617 2635 719 2673 νοτουο
732 2615 827 2686 murt,
848 2627 885 2674 ut
894 2618 979 2675 irsitr'e
985 2619 1088 2695 puetis
1101 2637 1172 2675 ουτοι
1185 2617 1316 2675 Ηυονιίο

215 2713 353 2794 (Asara
367 2736 415 2774 eoa
428 2723 550 2797 νοοοηο)
564 2716 736 2788 Abaribus,
754 2717 887 2790 Solovis,
907 2729 939 2777 et
949 2718 1129 2798 Geps'ds'bus,
1143 2740 1207 2779 uno
1220 2719 1316 2778 οἰοιοῖ

216 2838 319 2878 omnss
331 2817 435 2876 noem
448 2821 637 2899 impressione
648 2819 743 2900 sacto
756 2819 956 2879 adorirentur.
1001 2819 1057 2881 sed
1075 2833 1109 2880 ut
1125 2825 1159 2882 iu
1176 2819 1311 2897 Perside,

215 2925 261 2984 sio
274 2921 415 2982 etiamad
429 2919 650 2982 Chalcedonem
661 2925 821 2982 Persarum
831 2943 901 3003 spes
917 2922 1118 2999 concidenmt,
1138 2925 1313 3004 Abaresque

216 3045 323 3086 eorum
338 3023 501 3100 foederati,
524 3021 574 3083 dei
585 3044 620 3083 ec
632 3027 758 3104 virginis
770 3023 910 3105 deiparae
925 3046 993 3106 ope,
1014 3028 1075 3086 fusi
1091 3047 1127 3084 uc
1138 3027 1216 3085 caesi
1230 3035 1311 3085 sunt.

216 3130 360 3188 nimbum
374 3125 478 3188 Pisida
491 3127 596 3186 urbem
610 3146 628 3186 u
639 3129 834 3188 barbarorum
846 3128 965 3204 insidiis
977 3151 1041 3190 nou
1058 3135 1176 3190 tantum
1197 3137 1260 3186 arte
1281 3137 1312 3186 et

218 3234 309 3290 ermis
327 3242 474 3312 quantum
490 3230 634 3290 miraculo
652 3239 802 3290 servatum
811 3230 905 3290 fuisoe
922 3230 1085 3292 contendit.
1125 3229 1217 3290 liuius
1229 3232 1313 3290 enim

217 3333 292 3391 belli
313 3344 415 3392 contra
429 3331 543 3392 Abares
564 3333 730 3413 principem
752 3331 862 3393 ducem
878 3337 983 3392 statuit
998 3336 1092 3394 fuisse
1112 3336 1262 3412 virginem
1276 3353 1312 3392 ae

217 3431 327 3493 deinde
344 3434 484 3512 Sergium
501 3433 716 3514 patriercham
745 3438 801 3517 qui
815 3438 940 3516 virginis
956 3435 1099 3495 mundata
1113 3438 1146 3494 iu
1159 3456 1265 3516 preces
1281 3445 1312 3494 et

215 3537 354 3596 lacrimas
374 3534 486 3596 effusus
506 3539 658 3616 exciperet
674 3549 764 3620 atque
783 3549 1008 3620 exsequeretur.
1049 3548 1209 3620 propter-ee
1227 3540 1311 3596 enim

214 3640 258 3699 sic
272 3637 444 3719 adloquitur
461 3658 491 3699 v·
507 3636 586 3702 234:
614 3635 729 3721 ταύτην
747 3644 990 3718 ουνυοπίζουσον
1005 3641 1037 3718 ἐξ
1054 3641 1147 3716 ἔθους
1161 3640 1238 3722 ἔχων
1253 3634 1312 3703 ἇν-

211 3735 416 3825 τεστγττήγειγ
435 3738 467 3816 ἐξ
484 3733 580 3804 iiten
593 3744 721 3823 καρδίας
732 3749 797 3818 τοῖς
806 3737 988 3826 οἷντττέγνοτς
996 3750 1059 3809 τοῖν
1072 3738 1202 3828 ἆγοὶνον
1215 3738 1311 3828 ὄργοὶ·

210 3865 285 3918 νοις.
326 3837 416 3919 τόξον
430 3838 487 3925 yde
503 3837 578 3924 οῐγος
591 3849 647 3908 τοῦ
666 3850 746 3910 θεοῦ
759 3842 823 3927 τήν·
831 3846 953 3924 iistis,
984 3840 1122 3930 πύργους
1143 3845 1178 3911 δὲ
1196 3847 1310 3923 τοίνυν,

203 3946 261 4011 sui
275 3945 347 4028 βέλη
362 3941 400 4008 sci
417 3939 545 4028 deisque.
587 3947 644 4008 sed
657 3947 741 4030 quod
753 3969 860 4008 rernm
877 3961 939 4026 est,
960 3953 1068 4010 ecriter
1081 3960 1250 4031 pugnetum
1263 3959 1310 4008 est

193 4058 288 4131 'terre
301 4058 332 4108 et
343 4049 436 4123 mari,
457 4060 492 4108 ut
507 4067 547 4108 ex
559 4049 706 4110 Chronico
719 4048 861 4116 Pasoheli
872 4073 910 4131 p.
927 4056 986 4118 891
1009 4063 1041 4112 et
1054 4071 1141 4134 seqq.
1162 4053 1309 4130 intelligi-

208 4159 268 4210 tur.
310 4153 449 4233 quamris
468 4162 570 4211 autem
589 4154 669 4210 cives
683 4153 833 4233 cpolitani
852 4165 973 4214 strenue
991 4177 1026 4214 sc
1045 4158 1192 4235 gesserint
1204 4156 1238 4212 in
1250 4151 1312 4212 hcc

210 4250 302 4329 bello,
324 4262 354 4314 ct
366 4255 522 4315 Heraclius
535 4258 568 4314 iu
580 4253 704 4316 Perside
720 4254 860 4318 detentus
874 4256 913 4317 de
927 4258 1025 4319 solute
1038 4259 1123 4318 urbis
1136 4254 1227 4317 valde
1241 4257 1311 4316 iue-
