3000 4850
236 283 288 360 οι
667 282 730 356 cn
759 279 904 384 omen

236 463 370 518 steutsnt
387 470 452 514 nou
466 445 560 514 modo
581 467 660 534 quse
676 461 758 513 recto
779 449 883 514 ordine
908 448 1071 532 dispositae
1087 460 1161 512 mut
1180 451 1344 517 columnae

235 560 439 615 marmoreae3
462 537 518 600 sed
540 540 633 602 etism
654 549 794 620 quattuor
815 541 893 598 alise
912 535 1072 598 validiores
1095 537 1199 600 viridis
1221 541 1343 617 coloris,

237 631 345 688 ceteris
367 637 470 686 tamen
493 625 599 684 ricinis
623 621 782 687 altitudine
804 626 978 700 inferiores,
1012 625 1257 704 gynaeconitides
1284 648 1344 688 seu

128 719 220 776 {³660
236 715 405 794 superiores
427 713 577 792 porticus,
607 721 698 791 atque
721 707 799 770 adeo
821 709 999 770 inferiorum
1016 709 1200 788 testudines,
1221 714 1342 794 inipso

237 801 285 860 sui
304 798 424 871 medio,
444 797 534 855 binae
555 794 592 854 sb
612 806 739 879 utroque
760 797 854 856 latere
873 796 1013 856 fulciunt.
1055 797 1168 858 Paulus
1193 797 1342 860 Silentia-

238 886 477 966 simpertus·
494 879 571 946 185:

403 961 557 1046 αἰθούσης
573 961 649 1028 κατὰ
665 964 777 1047 γίσσον
795 961 969 1044 leticum..
984 965 1070 1048 γίονρ

401 1053 509 1128 slavus
520 1044 681 1132 Ἀνθίριιος
693 1045 905 1132 πολυμήχανορ
917 1083 959 1098 -

776 1169 817 1183 -·
833 1129 904 1200 ἄλλ’
918 1133 963 1199 tvi
976 1131 1094 1217 μίτροις
1218 1217 1220 1220 Ι

401 1216 516 1303 μήτιος
533 1217 696 1303 ίγγυτίριιν
708 1216 766 1302 μίν
781 1217 926 1296 littoreo·
946 1220 980 1285 he
995 1217 1028 1286 tt
1041 1213 1174 1304 τιθήνης

402 1310 461 1386 τῆς
474 1299 569 1386 αὐτῆς
582 1311 750 1387 γλοεροῖσιν
766 1301 998 1389 οἶτιοστίλβουσιν
1012 1299 1132 1380 οἷοίτοις.

403 1385 479 1454 ittet
493 1387 549 1474 yoip
563 1387 601 1454 ου’
615 1389 771 1473 στοιχηδὸν
786 1391 929 1473 ίττισγεριό
944 1388 1076 1466 εὕτιολας
1092 1384 1177 1456 οὗτοι

403 1474 564 1556 πυθμένας
576 1475 756 1559 ίρρίζοισαν,
777 1473 999 1558 ίφεδρεὶσσουσι
1014 1477 1047 1540 δὲ
1062 1477 1133 1562 γαίῃ

406 1556 507 1626 siculos
522 1555 694 1643 οἷλλήλοισιν
709 1557 774 1626 δύα
790 1565 895 1639 δυσίν,
918 1553 963 1626 σίν
976 1557 1051 1624 κατὰ
1065 1555 1178 1645 sepone

405 1642 596 1728 τετραττὸροις
609 1652 744 1733 σειρῇσιν
760 1647 945 1728 ίτιιλιχθιῖσα
959 1647 1063 1728 κεραίη

403 1737 503 1797 νῶτον
517 1729 693 1812 ιίιιεστήριξε
705 1737 922 1816 γυναικείοισιν
932 1731 1080 1806 tutelone.

240 1811 390 1878 eiusmodi
414 1819 569 1879 columnas
590 1820 672 1879 mole
692 1839 748 1879 sua
769 1822 874 1878 ceteris
892 1820 1036 1893 maiores,
1058 1835 1136 1900 quas
1151 1835 1213 1876 nou
1227 1825 1291 1878 tam
1303 1813 1344 1878 ed

240 1914 379 2006 emptum
395 1907 563 1964 excitantur
575 1925 669 1986 quam
682 1903 721 1963 ad
737 1901 904 1964 fulciendas
921 1906 1088 1984 superiores
1101 1904 1249 1982 porticus,
1269 1919 1345 1966 πεσ-

240 1988 1347 2158 ἵζ”ἔιῖἑέζῗιέίίἵίὲζιῗιῗῖἕζὶἷῐζῖξίὶἒί,ἆέἔζῖἱιῗιῖῗίὲῗὲῗωῗιῗῗὶ

240 2160 370 2220 rioribus
384 2162 475 2220 verbs
488 2162 603 2222 faciens
620 2162 654 2226 αί
668 2156 699 2228 δ’
712 2159 778 2228 ίίνοι
794 2165 857 2226 τοῖν
873 2159 990 2227 isaeo
1005 2157 1068 2226 νεεδ
1085 2165 1206 2234 πεσσοῖς
1221 2153 1346 2242 οίνεγγεί-

260 2267 341 2309 osso.
768 2307 770 2312 .

239 2267 259 2327 ρ
327 2332 380 2394 38.
421 2333 557 2392 Porticus
575 2333 760 2411 superiores,
787 2331 908 2392 leminis
927 2331 1117 2412 precantibus
1135 2329 1288 2404 addictae,
1309 2341 1346 2390 ut

240 2415 409 2495 plurimum
423 2413 718 2490 catechumeniorum
730 2418 781 2477 rel
794 2416 1076 2479 catechumenorum
1089 2420 1210 2477 nomine
1228 2414 1347 2477 donau-

242 2511 293 2559 tur
312 2520 330 2559 e
351 2504 561 2581 scriptoribus,
585 2523 647 2562 non
664 2502 745 2586 quod
759 2506 792 2563 iu
806 2506 843 2565 iis
860 2526 900 2564 uu
924 2524 995 2563 narn
1010 2501 1216 2563 catechumeni
1231 2506 1346 2563 cousti-

240 2588 349 2661 teriut,
371 2586 426 2646 sed
447 2586 529 2669 quod
550 2587 684 2664 divinos,
706 2591 760 2671 qui
781 2610 799 2650 a
820 2524 1024 2651 saeerhouhus
1041 2600 1071 2649 et
1087 2590 1256 2649 cantoribus
1271 2608 1346 2647 cou-

241 2672 433 2772 emebantur,
453 2672 583 2753 hyrnuoa
597 2676 641 2733 ihi
655 2673 763 2735 auditu
786 2679 959 2757 exciperent
973 2674 1130 2747 mulierem
1155 2672 1235 2733 unde
1254 2696 1346 2753 νοτη-

239 2758 1207 2929 tilithiff‘tif'ittistiitpiitiffii‘tw
1220 2778 1348 2918 ‘22¹⁰'ssss

242 2930 305 2989 scio
327 2926 493 3009 ίιιιιλησιοῖν
514 2923 681 3012 ιίιτεροίοιρ,
703 2927 780 3012 ὅπερ
800 2930 820 2997 o‘
838 2928 934 3006 τιολιίς
957 2926 1124 3010 ἄνθρωπος
1140 2924 1347 3010 κατηγοιίμενα

241 3018 346 3076 εεαλεῖν
360 3012 444 3096 ἔγνω.
474 3014 544 3073 hinc
557 3015 738 3076 adscendere
748 3018 781 3075 iu
795 3016 1009 3077 catechumena
1022 3014 1103 3095 apud
1117 3016 1348 3075 Constantinum

241 3097 430 3181 Porphyrog.
452 3099 490 3159 de
512 3100 594 3161 adm·
614 3106 689 3183 imp.
714 3123 740 3162 c.
761 3107 803 3167 29
832 3116 978 3163 extremo.
1021 3104 1197 3161 Anastasius
1218 3102 1291 3159 bibl.
1314 3103 1346 3158 iu

242 3184 459 3246 Collecteneis:
482 3198 510 3243 et
523 3188 744 3247 adeundam
755 3188 799 3247 ad
809 3209 877 3247 eum
889 3193 923 3251 ιἰι
935 3186 1192 3247 catechumenium
1207 3186 1348 3245 ecclessiae

243 3270 340 3347 ἰγιείαο
360 3274 541 3331 ιιιοειαιίετιϊ.
587 3274 812 3334 Cantaouzeuus
830 3278 844 3337 1
868 3273 906 3339 hl
932 3284 1019 3333 etex
1038 3294 1073 3333 eo
1091 3271 1223 3332 eodinus
1237 3270 1275 3331 de
1287 3270 1347 3331 off.

243 3374 272 3413 ο.
293 3359 332 3418 17
354 3376 387 3414 u.
405 3356 467 3423 48:
491 3353 608 3421 ἄνεισιν
629 3360 673 3435 τίς
691 3354 729 3422 τοί
749 3356 895 3441 λεγόμενα
915 3353 1133 3439 νατηχοιίμενα.
1174 3359 1293 3417 Nicetes
1313 3359 1348 3417 iu

242 3438 354 3499 Alexio
370 3442 393 3499 l.
413 3445 427 3504 1
450 3463 481 3501 u·
497 3444 535 3505 2:
562 3440 645 3525 τιαροί
666 3447 727 3507 reio
747 3438 909 3509 ίιττίνοιθεν
928 3447 984 3509 τοῦ
1004 3444 1241 3524 ιιατηχουριενίου
1263 3442 1349 3505 lesu·

241 3522 361 3606 μένων,
382 3524 435 3585 uhi
452 3547 610 3607 perperam
629 3530 760 3591 Wolfius
775 3527 1010 3611 κατηγουγιίνιον
1026 3528 1126 3587 locum
1141 3526 1194 3587 ubi
1206 3528 1350 3587 carecta·-

241 3611 325 3667 mens‘
345 3612 545 3671 inclinamur
564 3618 671 3689 vertit3
695 3636 756 3697 quo
769 3618 801 3674 in
816 3635 914 3675 errore
928 3625 1064 3675 versatur
1081 3616 1172 3673 etiam
1186 3616 1349 3675 Meursius.

240 3714 315 3753 nem
331 3698 387 3754 etsi
405 3696 538 3775 Symeon
554 3698 834 3765 Thessalonicensis
848 3719 950 3781 opusc.
967 3711 1070 3759 contre
1084 3703 1230 3763 Haereses
1243 3694 1281 3761 sol
1297 3722 1350 3762 ιτα-

241 3780 1351 3938 ναίει,ἰιιειιειέζιειίιλννιιῑιιλέετέλει

240 3948 394 4011 nartheoe·
438 3950 562 4038 υἰιερρία
582 3954 664 4016 unde
685 3978 746 4017 uon
766 3958 861 4017 semel
880 3958 1070 4039 appellantur
1091 3958 1260 4036 superiores
1273 3956 1350 4014 istae

243 4039 378 4117 porticus
394 4036 577 4117 Sophienee.
599 4044 765 4122 Euagrius:
788 4041 872 4108 στοαί
887 4041 919 4106 ὀί
935 4046 995 4107 τοῖν
1006 4041 1188 4124 λελεγμένων
1201 4033 1351 4124 νἰιερρίοιν

245 4120 354 4202 ἔνερθε
379 4123 461 4186 ιιίοσι
482 4124 534 4189 καί
555 4130 664 4207 ψαλίσι
677 4134 799 4208 μιαροῖς
817 4132 962 4192 τοσοῦτον
979 4126 1066 4211 ἔργον
1080 4122 1351 4208 οἷποιτερατοῦνται.

244 4208 291 4267 sio
308 4204 435 4291 υἰιερῷα
448 4214 505 4275 τοῦ
516 4206 649 4295 μεγάλου
664 4218 743 4277 ναοῦ
756 4212 896 4273 dicuutur
908 4216 1029 4279 Nicetae
1043 4210 1234 4292 Paphlagoui
1244 4214 1276 4269 iu
1289 4212 1352 4275 rite

243 4293 356 4377 lzsstffi
379 4304 457 4373 patr.
480 4296 545 4379 ΟΡ,
565 4294 692 4384 υἰτεργῖα
709 4302 765 4384 τῆς
781 4300 1027 4387 γυναικωνίτιδος
1044 4300 1209 4379 Procopio,
1230 4296 1352 4379 ίμβολνε
