3000 4850
408 313 666 385 DESCRIPTIO
689 315 724 386 S.
749 317 941 390 sorum.
1174 323 1223 398 83

136 493 209 565 ptem
234 482 320 544 milia
348 481 495 544 libramm
523 481 706 564 pependisse
728 493 761 544 et
784 485 821 544 ab
844 482 974 548 Arcadio
1002 483 1065 548 filio
1093 497 1224 551 erectam

152 569 232 630 rodit.

135 591 152 652 Ρ
207 651 257 720 24.
300 653 442 712 Excitata
460 653 553 732 igitur
572 653 647 714 aede
667 652 821 736 Sophiana
839 653 996 738 dirutaque
1009 653 1224 722 Theodosiana

135 750 236 815 natos,
257 740 327 799 loco
339 741 436 819 ipsius
448 758 536 798 suam
552 751 722 822 equestrem
738 742 883 819 imposuit
900 744 1098 818 lastinianus,
1121 765 1161 803 ex
1174 756 1224 804 te-

137 827 204 905 gnlis
224 827 318 884 aereis
339 826 485 885 inauratis
500 827 671 885 combustae
688 823 815 886 Ghaloes
833 827 1005 902 conflatam,
1028 845 1107 890 anno
1122 831 1223 910 impa-

136 914 168 968 rii
183 914 229 974 17.
269 907 490 989 Theophanes:
511 915 555 995 spi
574 897 658 998 crispi
680 911 738 974 ἔτει
755 907 919 992 ἐπληρώθη
935 910 953 975 ὁ
968 917 1097 992 χαλκοῦς
1112 911 1224 978 stood

138 995 217 1076 μέρος
236 998 367 1074 πλησίον
384 998 441 1058 sori
459 997 624 1071 uaimloo,
645 990 836 1078 ἆλεγόμενος
850 991 1057 1078 Αὕγουοτεῦρ,
1079 996 1130 1062 καὶ
1145 993 1223 1081 α’νη·

137 1079 221 1160 aba,
239 1078 262 1159 ἦ
282 1074 378 1159 στήλη
396 1083 453 1143 τοῦ
471 1080 617 1161 βασιλέως
633 1074 848 1145 Ἰουοτευιανοῦ
865 1081 1008 1158 ἔφιππος.
1049 1083 1108 1142 fuit
1122 1095 1224 1146 autem

138 1169 220 1246 ηὼῆ
236 1166 420 1226 vestibulum
437 1169 541 1246 magni
557 1168 662 1247 palatii
682 1186 719 1226 ao
736 1168 916 1243 triclinium,
937 1187 992 1248 per
1004 1167 1085 1248 quod
1098 1171 1131 1228 in
1146 1167 1225 1229 illud

139 1251 238 1326 ibatur,
257 1253 302 1310 sic
323 1251 525 1330 appellatum,
548 1250 629 1332 qnod
649 1255 745 1312 aereis
762 1253 872 1332 tegulis
886 1264 1000 1314 tectum
1015 1263 1102 1316 esset.
1146 1253 1226 1314 illud
1275 1267 1277 1278 '

139 1339 298 1396 Anastasius
322 1339 502 1415 imperator,
531 1335 676 1396 Aetherio
700 1335 861 1397 architecto
886 1339 1067 1418 peritissimo
1089 1359 1176 1416 usus,
1205 1359 1226 1400 s

139 1419 328 1480 fundamentis
343 1425 526 1480 excitaverat
543 1433 574 1480 et
589 1425 621 1480 in
636 1421 845 1482 admirandam
859 1421 1050 1482 altitudinem
1066 1421 1224 1501 eduxerat,

139 1517 168 1564 ut
178 1505 257 1566 docet
269 1510 465 1588 epigramma,
487 1505 569 1588 quod
581 1506 710 1567 habetur
721 1511 754 1567 in
766 1505 950 1588 Anthologia
964 1510 1015 1568 Gr.
1029 1505 1051 1572 4
1071 1511 1123 1574 23.
1167 1530 1227 1569 uo-

139 1595 215 1652 miuis
234 1597 382 1653 rationem
405 1592 504 1652 firmat
523 1591 691 1669 cedrenus,
714 1595 846 1653 scribens
865 1597 908 1664 its
925 1595 1110 1674 appellatum
1125 1589 1176 1658 tri
1189 1588 1226 1660 sd

140 1676 166 1742 h
180 1682 292 1756 zeleris
307 1674 449 1758 κεράμων
460 1678 696 1761 κεχρυσωμένων
709 1676 898 1760 ἔστεγᾶοθοι.
942 1699 1011 1740 cum
1027 1699 1116 1759 porro
1129 1682 1161 1740 in
1175 1700 1227 1740 se·

140 1758 238 1822 ditione
246 1764 494 1837 victoriatum,
516 1774 552 1821 ut
568 1765 659 1823 estin
673 1760 978 1839 chastemdrtno,
1002 1765 1224 1842 conflagrasset,

139 1846 205 1906 illud
216 1869 333 1907 mrsum
344 1849 521 1910 instauravit
533 1858 563 1908 et
575 1850 606 1910 iu
617 1851 749 1928 priorem
763 1849 952 1908 altitudinem
968 1847 1073 1909 eduxit
1083 1851 1227 1908 lastinia-

139 1951 204 2009 nus,
223 1931 480 2014 quemadmodum
494 1934 585 1992 refert
598 1937 777 2015 Procopius,
801 1955 818 1993 a
833 1955 894 2016 quo
908 1955 1021 1994 novum
1034 1933 1116 1996 istud
1130 1935 1227 1992 tricli-

138 2021 211 2076 nium
230 2018 407 2078 describitor
428 2016 466 2077 de
486 2019 587 2078 Aedif.
612 2025 627 2082 1
654 2022 704 2084 10.
758 2031 888 2080 statuam
908 2039 978 2079 vero
1000 2021 1226 2092 lustiuiaueam,

137 2121 204 2182 quae
222 2107 389 2163 immensae
409 2105 499 2164 molis
515 2116 546 2164 et
560 2103 727 2164 altimdiois
748 2106 881 2180 exstitit,
904 2102 1076 2164 describunt
1090 2105 1228 2183 pluribus

136 2187 208 2248 idem
224 2192 388 2269 Procopius
406 2192 421 2251 1
445 2193 481 2264 2,
503 2200 534 2248 et
555 2210 595 2248 ex
616 2211 652 2248 eo
672 2188 872 2271 Pachymeres
894 2193 926 2248 in
949 2183 1228 2269 ἕκφράοειΑεῖγον·

136 2279 280 2350 παιῶνος,
302 2294 395 2356 quam
408 2275 471 2353 legi
485 2276 517 2332 in
530 2295 578 2334 ms
593 2273 792 2336 bibliothecae
808 2277 930 2355 Regiae,
951 2272 1135 2355 Nicephorus
1150 2275 1229 2334 Gre-

136 2377 214 2438 goras
225 2361 248 2418 l.
262 2363 300 2435 7,
323 2362 376 2442 qui
389 2361 472 2420 illius
489 2359 692 2420 dimensiones
708 2363 860 2436 exoravit,
883 2359 1067 2441 Nicephorus
1085 2360 1227 2420 Callistus

136 2446 163 2503 in
179 2448 331 2527 prooemio
347 2448 424 2508 nist.
438 2467 469 2525 p.
487 2448 544 2520 16,
566 2449 694 2506 loannes
707 2450 834 2507 Tzetzes
852 2444 931 2507 chit.
946 2452 965 2511 8
987 2468 1017 2506 n.
1033 2444 1109 2519 184,
1133 2443 1228 2506 Codi-

135 2548 197 2604 nus,
218 2532 388 2590 Gulielmus
412 2529 451 2589 de
471 2530 655 2591 Baldenaeel
672 2534 703 2590 in
719 2532 927 2613 Hodoeporioo
944 2552 974 2611 p.
992 2534 1069 2605 103,
1090 2529 1228 2589 Bondel-

135 2619 255 2675 montius
274 2618 307 2673 in
328 2614 467 2697 descript.
489 2618 553 2692 GP,
577 2627 607 2675 et
628 2618 745 2695 Gyllius
765 2622 786 2682 2
809 2621 858 2682 17.
903 2638 943 2677 ex
963 2614 1122 2696 praedictis
1139 2634 1227 2696 porro

135 2702 317 2781 scriptoribus
333 2703 454 2760 Graecis
468 2701 564 2782 liquet
579 2710 694 2761 statuae
709 2704 787 2785 ipsi,
807 2701 932 2783 perinde
948 2722 983 2761 uc
997 2703 1079 2776 soro,
1099 2696 1228 2785 Αὔγου-

134 2791 271 2862 medeor
288 2806 400 2845 nomen
417 2786 548 2846 inditum
565 2788 668 2846 fuisse.

209 2873 261 2936 25.
304 2874 366 2931 Tot
380 2874 473 2950 igitur
487 2873 640 2952 praeclara
653 2872 801 2931 vestibula
817 2881 847 2931 et
861 2874 952 2948 utria,
974 2880 1020 2931 tot
1043 2873 1177 2949 insigues
1192 2888 1226 2929 so
1242 2884 1265 2941 Ρ
1283 2884 1336 2943 542

133 2974 308 3017 marmoreae
328 2961 460 3037 porticus
481 2956 551 3016 aedi
572 2960 632 3037 ipsi
653 2960 764 3037 partim
786 2957 977 3017 obversantes
992 2960 1101 3035 partim
1118 2953 1229 3013 adiun-

135 3052 206 3119 ctae,
227 3044 300 3102 satis
319 3042 473 3101 declarant
491 3054 637 3124 quantum
654 3042 743 3102 sedes
761 3046 827 3122 ipsa
841 3046 921 3101 intus
937 3044 1088 3101 contiueat
1102 3043 1227 3119 elegan-

134 3129 187 3185 tiae
207 3148 242 3187 ac
264 3126 396 3203 decoris,
419 3139 450 3186 et
473 3138 508 3186 ut
527 3129 628 3187 verbis
651 3138 719 3186 utar
740 3130 881 3207 Procopii
899 3126 936 3185 de
953 3126 1226 3209 Hierosolymitano

135 3208 263 3293 deiparae
275 3215 390 3293 templo
404 3213 578 3288 scribentis,
601 3209 752 3293 μηνύουσι
768 3219 831 3285 τοῖς
847 3212 904 3275 ἔσω
919 3211 1019 3273 lodosv
1037 3208 1133 3296 ὁποίῳ
1149 3206 1227 3273 θεά·

133 3320 196 3377 μοι
213 3298 347 3378 ἐντυχεῖν
367 3296 521 3379 μέλλουσι,
552 3308 587 3357 ut
610 3318 681 3357 vem
705 3298 830 3358 Eusebli
854 3296 975 3357 devita
998 3298 1099 3355 eones.
1127 3300 1146 3361 8
1173 3298 1226 3373 88,

133 3388 189 3456 τοῖς
210 3379 267 3463 τήν
289 3378 375 3458 ἕκτος
394 3385 523 3464 πορείαν
538 3382 735 3461 ποιουμένοις
751 3377 994 3463 καταπληκτικήν
1011 3388 1154 3461 παρεῖχον
1168 3376 1228 3460 τὴν

132 3470 186 3529 eas
209 3469 301 3532 ἔνδον
323 3467 482 3550 ὅρωμὲνην
505 3467 602 3545 θέον,
624 3469 732 3549 quibus
749 3468 900 3549 quaedam
920 3479 1119 3526 consentanea
1135 3464 1228 3524 habet

133 3553 202 3613 llist.
218 3557 259 3619 10
279 3553 311 3619 4.
354 3574 424 3612 cum
445 3573 514 3633 ergo
533 3574 624 3613 nemo
640 3556 697 3629 sit,
720 3556 769 3612 cui
782 3552 831 3612 his
845 3554 1008 3635 perspectis
1022 3562 1074 3611 aut
1086 3553 1227 3632 perlectis

131 3642 224 3698 nescio
245 3637 328 3719 qnod
346 3642 448 3700 auimo
469 3659 532 3698 nou
554 3640 706 3700 oboriatur
721 3648 785 3697 tam
802 3637 915 3717 grande
936 3639 1114 3698 miraculum
1132 3637 1228 3696 oculis

132 3724 288 3804 usurpandi
308 3723 509 3800 desiderium,
529 3735 596 3783 tum
615 3736 649 3784 ut
670 3723 760 3784 huius
779 3724 856 3782 liber
872 3734 973 3804 pateat
987 3722 1102 3797 aditus,
1123 3732 1228 3803 portae

132 3809 206 3869 aedis
229 3808 410 3889 aperiendae
429 3820 510 3870 sunt.
550 3812 653 3890 plures
677 3820 778 3867 antem
798 3819 932 3887 prostant
951 3812 1132 3882 etiamnum,
1155 3807 1229 3887 plu·

132 3896 509 4039 ilhiiiiii‘fiiii'
528 3897 565 4040 {i
584 3896 851 4040 Ἇῖἓοᾞὲἰῗέἷῖ
869 3894 1227 4061 {timidis}

475 4021 485 4038 ·
855 4026 863 4054 r

131 4063 204 4125 illius
218 4076 282 4141 est,
303 4084 414 4125 novem
433 4067 526 4145 portis
543 4064 621 4124 illud
637 4068 745 4140 initur,
770 4076 804 4125 ut
819 4075 982 4123 auctorest
996 4065 1125 4145 Gyllius.
1168 4060 1227 4119 har

131 4166 191 4208 ram
211 4170 374 4209 numerum
396 4171 459 4211 non
483 4152 633 4232 expressit
654 4151 861 4209 silentiarius:
882 4148 937 4211 sed
949 4170 1017 4208 cnm
1031 4148 1158 4207 dixisset
1170 4165 1227 4203 ve·

130 4236 266 4295 stibulurn
295 4255 350 4294 seu
376 4240 527 4316 porticum
548 4234 765 4298 occidentalem
792 4233 903 4295 hahere
921 4246 1039 4316 septem
1062 4242 1177 4313 portas,
1208 4248 1226 4286 a

130 4322 232 4399 quibus
253 4340 315 4383 nna
335 4319 376 4386 ad
394 4322 553 4388 succidiam
574 4324 668 4388 altera
685 4320 725 4387 cd
740 4325 976 4408 septentrionem
991 4327 1122 4404 prostat,
1142 4310 1227 4385 addit
