3000 4850
426 314 482 382 AD
507 312 794 383 ulcaruotturt
818 311 973 382 NOTAE.
1202 316 1254 391 97

386 480 433 541 A.
456 480 489 540 d.
512 480 593 557 611,
614 480 727 541 Indr'ct.
751 481 791 557 4,
811 479 956 539 Heraclii
972 482 1011 556 6,

269 576 342 646 past
360 588 419 627 cor.
444 565 482 643 5,
503 566 646 629 Heraclii
664 568 729 625 ἰιιη.
755 564 793 641 4,
817 566 901 645 cyclo
918 564 1074 647 ntrobiqm
1092 571 1125 632 9.

234 685 343 746 Sacra
360 684 492 745 (lhcsrce
510 688 620 744 missus
638 687 811 764 Aegyptum
828 680 1047 743 Alexandriam
1068 696 1099 745 et
1117 688 1253 751 stacam

149 782 284 852 occupat.
325 769 397 829 iude
420 770 460 831 ad
477 768 704 831 chalcedonens
714 788 809 851 nsque
824 790 895 828 cum
910 772 1004 848 capiis
1018 773 1168 849 profectus
1182 792 1252 834 cum

149 859 288 917 Heraclio
300 860 478 937 paciscitur,
501 859 625 937 eiusque
638 856 755 935 legatos
771 876 876 915 secum
888 858 923 915 in
936 857 1091 917 Orientem
1101 857 1142 919 ad
1155 858 1254 922 (lhos-

149 962 224 1003 rcen
240 941 371 1001 deducit.
414 960 432 999 a
449 960 509 1023 quc
523 943 690 1000 miserrime
704 950 841 1000 necatur.

234 1030 267 1089 S.
281 1032 408 1087 Ioannes
424 1025 558 1108 ἐλεήμων
570 1029 642 1086 anni
660 1025 750 1085 huius
767 1028 854 1086 initio
869 1028 1007 1087 mantus.
1301 1087 1304 1092 Α

236 1114 271 1175 Β.
296 1114 471 1172 Anastasius
497 1115 589 1171 Persa
615 1114 648 1170 in
673 1112 741 1171 Sais
769 1114 874 1173 castris
895 1114 1032 1172 militans
1054 1108 1256 1174 Christianam

150 1196 244 1259 fidem
270 1200 476 1279 amplectitur,
507 1196 640 1280 indeque
659 1198 903 1279 Hierusolymam
923 1216 1053 1279 pergens
1072 1198 1255 1261 monacham

150 1286 315 1365 profitetur.

365 1420 412 1478 A.
443 1418 475 1478 a.
506 1420 587 1493 arr,
625 1370 738 1477 rasae.
768 1415 805 1492 s,
838 1420 981 1479 ramur
1007 1424 1047 1497 r,

448 1513 521 1582 post
540 1524 599 1563 cce.
622 1506 659 1579 6,
681 1502 823 1561 Heraclii
842 1507 908 1563 rurs.
929 1505 960 1570 5.

232 1608 389 1667 Heraclius
409 1608 511 1665 iunior
528 1602 591 1663 kal.
605 1608 670 1665 lan.
684 1608 760 1665 inito
775 1608 934 1667 consulatu
949 1609 1180 1669 comtentinum
1192 1610 1256 1669 fra·

149 1704 245 1769 trem,
266 1694 412 1750 Martinae
428 1691 481 1766 R,
503 1692 663 1750 Caesarem
680 1701 771 1749 creat.

234 1780 345 1838 Persae
362 1774 577 1856 Carthaginem
595 1786 783 1857 expugnent.

365 1912 411 1971 A.
442 1912 474 1970 d.
506 1914 586 1988 618,
619 1910 732 1970 Inds'ct.
765 1912 802 1984 6,
834 1908 978 1968 Heraclii
1005 1912 1042 1986 8,
1139 1990 1144 1999 1

446 2007 517 2077 post
537 2016 595 2055 eos.
620 2001 659 2073 7,
678 1995 823 2056 Heraclii
841 1997 906 2053 iun.
930 1996 962 2059 6.

236 2098 344 2177 Legati
370 2099 408 2158 ab
434 2098 574 2159 Heraclio
603 2118 705 2159 rursus
732 2094 774 2157 ad
800 2094 954 2157 chosroen
976 2098 1063 2157 missi
1087 2118 1120 2157 re
1147 2098 1259 2158 infecta

152 2182 374 2349 ”deuddgnstc
387 2286 492 2331 measa
507 2268 594 2349 cpoli
606 2266 810 2347 sportularum
822 2264 998 2345 maanes
1010 2266 1157 2329 sublatae.

357 2402 403 2462 A.
441 2400 473 2460 d.
510 2401 589 2478 619,
625 2400 738 2462 Indice.
769 2402 808 2477 7,
842 2399 986 2462 Hmlu
1013 2402 1052 2478 9,

407 2489 560 2566 perseius
580 2507 640 2547 ecs.
664 2491 695 2564 8,
716 2485 861 2547 Heraclii
879 2490 946 2546 iun.
968 2493 1002 2554 7.

237 2591 353 2649 Avares
371 2589 404 2646 in
420 2567 585 2648 Thraciam
601 2591 773 2671 irrumpunt
786 2599 817 2648 et
830 2590 968 2650 illectum
983 2610 1039 2670 per
1055 2609 1143 2670 spem
1159 2590 1260 2669 impe-

153 2673 278 2738 trandae
296 2676 380 2754 pacis
402 2675 576 2735 Heraclirnn
592 2677 841 2735 ciscumreniunt.
884 2673 1046 2755 chaganus
1061 2695 1130 2734 cum
1142 2677 1260 2755 ingenti

152 2760 266 2844 praeda
284 2760 451 2820 revertitur.

360 2894 406 2952 A.
437 2893 469 2952 d.
500 2893 581 2970 620,
612 2893 723 2952 Inclics.
755 2895 791 2967 8,
821 2892 965 2951 Heraclii
997 2895 1053 2967 10,

408 2989 481 3058 poet
501 2981 564 3036 eius
585 2997 644 3036 cos.
669 2983 699 3053 9,
721 2977 865 3036 Heraclii
883 2981 949 3036 alna.
973 2978 1005 3042 8.

239 3083 317 3144 (ium
334 3079 483 3141 Averibus
497 3099 561 3162 pax
575 3081 755 3160 composita..
792 3079 903 3139 Persae
918 3081 1070 3159 Ancyram
1086 3076 1219 3155 capiunt.

333 3219 408 3276 -Α,
448 3217 479 3276 (Ι.
515 3218 595 3292 621,
633 3215 744 3274 ladas.
775 3217 813 3290 9,
848 3214 991 3272 Herod&
1016 3211 1054 3288 9,

409 3315 481 3382 post
500 3306 563 3361 eius
581 3321 641 3360 eos.
665 3305 695 3377 9,
720 3298 864 3359 Heraclia⁸
880 3302 945 3358 iun.
970 3299 1002 3361 9.

240 3403 396 3465 Heraclius
410 3424 451 3464 ex
463 3407 584 3484 Europa
599 3403 699 3482 coplas
712 3403 744 3460 in
760 3403 866 3462 Asiam
878 3409 1071 3482 transportat.

363 3539 408 3600 A.
432 3540 465 3600 a.
487 3542 568 3615 aas,
600 3537 712 3599 ranas.
744 3539 802 3613 10,
830 3536 974 3596 namu
996 3504 1057 3611 13,

400 3635 473 3704 post
492 3627 556 3683 eina
573 3645 632 3683 cca.
655 3627 685 3700 9,
706 3623 850 3682 Heraclii
868 3625 935 3682 iun.
961 3625 1012 3685 10.

242 3725 275 3784 S.
288 3727 465 3788 Anastasius
478 3729 570 3788 Persa
584 3729 762 3805 martyrium
776 3723 839 3785 obit
851 3728 883 3784 in
896 3720 1033 3784 Perside.

243 3812 400 3872 Heraclius
420 3803 569 3872 celebrato
591 3809 734 3892 paschale
755 3808 869 3892 Aprilis
885 3810 906 3874 4
924 3811 958 3868 in
973 3811 1127 3868 Orientem
1139 3801 1263 3884 profici-

158 3897 268 3998 scitur,
300 3897 404 3958 relicta
430 3901 515 3960 Bcnc
543 3899 667 3980 patricio
697 3908 728 3957 et
760 3896 867 3977 Serglo
897 3893 1073 3977 cpclltanae
1096 3891 1181 3951 urbis
1208 3907 1264 3946 cu-

157 3979 318 4126 mdjdnde
348 4087 418 4128 curn
446 4072 608 4129 Persarum
636 4064 762 4128 ducibus
789 4069 822 4126 in
844 4065 988 4126 Armenia
1012 4073 1044 4124 et
1060 4054 1185 4121 Perside
1205 4073 1265 4134 pn·

123 4211 125 4216 Ι
159 4161 415 4340 μα’ῗοΑρροίεῐιῖο
433 4235 535 4298 hieme
561 4239 696 4298 exercitu
723 4257 779 4317 per
799 4235 925 4298 hiberna
943 4233 1067 4295 dimisso
1084 4227 1204 4310 cpolim
1218 4241 1269 4282 ra·

158 4332 312 4482 'effide
336 4413 423 4470 conss
1039 4406 1062 4465 7
