3000 4850
547 305 754 374 rcnossru
778 307 805 373 1.
1172 293 1244 382 145

132 495 201 534 ram
229 472 355 554 corpore
377 473 611 555 torquebantur,
653 471 894 534 extendebantur
927 472 1242 564 discerpebanturque.

131 559 201 620 vide
215 560 392 622 Gallonium
399 580 437 638 p.
455 561 508 623 83.

218 677 270 743 46.
315 680 386 737 citat
401 675 618 736 huucrersurn
641 696 711 737 curn
728 679 881 758 superiore
896 677 1007 740 Suidas
1021 682 1053 742 in
1067 705 1098 744 v.
1113 682 1243 766 ἄχειρας,

132 775 298 844 monetque
316 770 440 844 politam
462 761 500 821 de
520 761 670 822 Chosroae
692 763 868 823 crudelitate
891 785 991 844 agere.
1034 771 1119 828 nulla
1139 783 1243 834 autem

133 852 262 909 occurrit
279 853 424 923 varietas,
452 848 512 908 nisi
527 848 610 930 quod
622 852 655 907 in
669 848 764 909 Suida
778 853 861 908 veuit
873 851 1022 930 legendus
1035 857 1168 933 primus,
1190 862 1243 938 qui

132 938 167 994 in
181 933 285 994 Pisida
301 945 346 994 est
361 932 522 993 secundus.
565 955 725 1015 perperam
740 937 886 994 llusterus
905 957 961 1016 pro
987 941 1026 1000 οὕ
1044 941 1134 1021 βαρεῖ
1152 963 1243 1023 repo-

133 1019 271 1078 nendum
292 1022 411 1100 putarit
433 1013 609 1100 σοβαρεύει,
640 1031 826 1100 repugnante
846 1040 968 1099 prorsus
983 1035 1080 1084 metro
1097 1037 1126 1085 et
1141 1047 1243 1087 sensu.

134 1127 192 1164 nec
213 1108 311 1184 magis
330 1105 538 1185 probaver1m‚
572 1103 655 1186 quod
677 1105 778 1165 eidem
801 1109 928 1167 llustero
946 1108 1124 1187 placuisset,
1155 1123 1189 1172 ut
1210 1116 1246 1172 in

134 1211 225 1250 versu
240 1193 388 1271 superiori
407 1209 462 1271 pro
486 1185 603 1276 ἑκάστῳ
624 1202 726 1251 contra
748 1190 887 1252 codicum
906 1191 998 1252 fidem
1014 1195 1152 1276 legamus
1170 1192 1245 1262 tnd-

133 1295 223 1340 θῐων.

221 1378 275 1442 51.
319 1371 481 1459 osdppmu
493 1391 563 1440 sunt
576 1379 685 1440 limites
705 1401 740 1440 ac
754 1383 875 1440 termini
888 1380 978 1442 stadii
992 1383 1081 1443 fossis
1096 1385 1245 1466 vallisque

135 1475 232 1523 terrae
251 1463 418 1544 designati,
440 1469 520 1524 intra
536 1485 612 1546 quos
633 1487 737 1526 cursus
752 1468 864 1526 fiebant
880 1470 913 1526 in
932 1470 1037 1543 Circo3
1067 1467 1148 1529 unde
1167 1470 1244 1530 illud

137 1549 279 1629 adagium
293 1547 373 1632 ὑπὲρ
389 1547 426 1612 cd
443 1545 601 1631 σκάμματα
614 1551 728 1632 πηδᾶν.
769 1553 934 1612 maluimus
954 1555 1083 1614 aliorum
1103 1557 1245 1636 exemplo

136 1638 284 1694 Graecam
298 1655 404 1695 rocem
420 1640 549 1696 retinere
568 1657 661 1718 quam
675 1639 734 1696 alia
747 1641 809 1714 uti,
841 1656 918 1718 quae
936 1641 1077 1698 vocabuli
1098 1644 1163 1700 rim
1182 1661 1244 1700 non

136 1724 330 1800 exprimeret.
372 1721 493 1796 Pisida,
526 1734 560 1780 ut
579 1721 715 1798 ridetur,
741 1725 775 1782 iu
794 1725 981 1802 amplissimo
998 1723 1117 1784 theatro
1137 1725 1245 1786 mundi

136 1816 285 1865 cenantes
298 1804 415 1865 inducit
426 1808 600 1867 Heraclium
615 1818 646 1866 et
661 1807 836 1882 chosroam,
861 1811 978 1868 coelum
991 1819 1162 1891 terramque
1174 1831 1246 1890 spa-

136 1901 266 1951 ctatores
284 1892 376 1966 facit,
405 1892 539 1953 iudicem
561 1903 592 1952 et
613 1894 757 1952 arbitrum
782 1893 874 1952 deum
893 1896 1061 1970 constituit,
1092 1899 1176 1956 ouius
1190 1898 1245 1955 be-

136 1979 286 2056 nignitate
303 1988 334 2038 et
347 1977 451 2038 favore
466 1980 581 2038 factum
600 1990 646 2038 eet
665 1990 699 2038 ut
716 1981 812 2037 nirnia
827 1981 995 2038 temeritate
1016 2001 1193 2061 procurrens
1215 1994 1245 2042 et

137 2065 283 2122 terminos
299 2063 470 2142 transgredi
482 2063 665 2122 contendens
682 2062 829 2124 chosroes
843 2067 875 2122 in
890 2060 1058 2144 σκάμματα,
1081 2070 1112 2124 in
1122 2067 1244 2146 fossae,

135 2168 280 2228 praeceps
296 2153 456 2223 corruerit,
479 2161 509 2208 et
525 2153 617 2208 ceteri
632 2170 738 2208 omnes
753 2151 874 2224 salutis,
897 2160 927 2208 et
942 2153 1083 2210 victoriae
1101 2171 1243 2212 coronam

137 2237 199 2293 sint
216 2233 329 2314 adepti.
371 2231 453 2294 hunc
476 2255 541 2293 esse
567 2255 691 2294 sensum
712 2236 907 2314 allegoricum
930 2237 1018 2295 nobis
1044 2240 1242 2318 propositum,

136 2330 258 2400 praeter
279 2338 314 2378 ea
335 2337 413 2399 quae
434 2330 619 2401 sequuntur,
649 2321 722 2379 facit
741 2331 776 2378 ut
795 2319 951 2380 credamus
970 2323 1097 2380 verbum
1115 2330 1243 2404 κροτεῖν,

137 2402 221 2485 qnod
233 2415 411 2484 usurpatum
424 2427 544 2486 semper
556 2407 709 2465 invenitur
721 2404 761 2464 ad
775 2407 898 2486 plausus
912 2407 1142 2487 exprimendos,
1172 2412 1243 2491 qui-

135 2492 196 2549 bus
208 2493 335 2551 victores
351 2490 482 2550 athletae
496 2512 514 2549 a
527 2494 744 2572 spectatoribus
760 2493 997 2572 excipiebantur.
1042 2495 1068 2553 si
1080 2505 1182 2555 autem
1196 2497 1243 2554 al-

137 2578 288 2655 legoriam
301 2574 453 2652 dimittas,
483 2574 532 2635 dei
546 2592 710 2636 scammata
722 2589 807 2636 erant
823 2578 924 2637 divina
940 2582 1063 2639 consilia
1077 2591 1106 2639 et
1119 2580 1242 2655 iudicia,

138 2682 193 2721 seu
211 2662 286 2720 fines
309 2663 347 2720 ab
371 2684 406 2722 eo
421 2665 575 2721 constituti
589 2666 704 2721 ratione
718 2665 809 2742 plane
824 2662 943 2723 diversa
961 2685 995 2723 ac
1010 2669 1134 2725 insanus
1150 2664 1247 2725 Chos-

138 2766 207 2805 roes
220 2767 323 2805 secum
338 2758 544 2828 reputaverat:
573 2750 734 2807 consilium
752 2750 834 2806 enim
852 2750 909 2807 fuit
924 2748 1075 2809 Chosroae
1089 2762 1123 2809 ut
1139 2770 1244 2811 ornnes

138 2835 268 2891 Romani
278 2836 427 2912 perirent,
456 2834 615 2892 consilium
630 2843 732 2892 autem
746 2832 796 2892 dei
811 2834 869 2891 fuit
882 2845 916 2892 ut
929 2855 1007 2895 unus
1020 2838 1131 2914 periret
1147 2833 1245 2894 Chos-

138 2938 206 2977 roes
222 2928 253 2975 et
269 2938 374 2978 omues
391 2928 582 2978 servarentur
599 2921 745 2995 Romani,
779 2914 845 2993 ἓνός
860 2915 1006 2995 πεσόντος
1023 2919 1075 2983 sal
1093 2919 1246 3001 σεσωσμέ-

136 2997 305 3067 navitae.

227 3106 280 3172 64.
322 3098 402 3165 ludit
417 3109 448 3165 in
464 3126 537 3167 roca
553 3100 722 3184 πλανήτας,
747 3126 826 3188 quae
841 3126 859 3165 a
872 3100 1006 3183 πλανᾶω,
1029 3127 1092 3166 erro
1109 3118 1139 3165 et
1151 3108 1185 3165 in
1198 3127 1247 3163 er-

137 3214 237 3252 rorem
253 3192 386 3267 biduom
417 3192 499 3251 unde
514 3196 588 3252 scite
609 3190 681 3252 dicit
700 3191 881 3267 Chosroam,
911 3192 963 3273 qui
977 3202 1094 3251 tantum
1109 3194 1141 3250 in
1160 3196 1248 3251 astris

138 3278 245 3337 fideret
259 3289 294 3336 ut
309 3297 343 3337 ea
356 3298 410 3357 pro
423 3277 482 3339 diis
493 3276 628 3353 haberet,
649 3298 732 3339 nuno
749 3276 873 3337 demum
887 3280 998 3337 sentire
1012 3297 1075 3335 non
1094 3297 1112 3335 a
1130 3288 1248 3357 septem

139 3362 233 3423 modo
245 3364 385 3443 planetis,
401 3383 477 3444 quos
490 3384 555 3423 esse
566 3362 666 3424 sidera
680 3366 805 3423 erratica
818 3383 894 3443 vaga
906 3374 940 3422 et
952 3364 1087 3442 palantia
1102 3373 1249 3421 noverant
1263 3358 1264 3366 ’

140 3459 259 3508 veteres
272 3453 452 3524 astronomi,
483 3449 538 3510 sed
550 3452 642 3509 etiam
654 3452 692 3508 ab
705 3452 773 3509 aliis
787 3450 926 3509 omnibus
940 3449 1052 3524 stellis,
1081 3468 1156 3529 quus
1171 3448 1249 3507 fixas

140 3553 249 3594 vocare
264 3536 373 3610 solent,
393 3554 427 3593 se
441 3536 535 3595 fuisse
550 3535 720 3615 deceptum.
764 3537 807 3595 sie
823 3536 915 3593 etiam
929 3536 1007 3593 salse
1022 3532 1127 3593 irridet
1138 3536 1249 3594 Persa-

141 3640 210 3679 rum
223 3620 403 3698 religionem
416 3631 447 3679 et
461 3624 636 3696 scientiam,
666 3641 743 3703 quae
757 3620 949 3700 potissimum
962 3621 995 3677 in
1012 3640 1090 3678 vana
1109 3621 1250 3699 planeta-

141 3725 211 3764 rum
230 3706 437 3765 observatione
458 3710 570 3767 versari
588 3708 721 3783 solebat,
750 3726 819 3765 curn
835 3706 872 3765 ab
890 3724 995 3765 eorum
1013 3706 1131 3765 influxu
1148 3706 1250 3765 omnia

140 3789 273 3871 pendere
287 3792 509 3851 arbitrarentur.

226 3898 279 3960 60.
320 3888 496 3971 ’ἄεισφαλεῖς
508 3896 613 3975 Magos
627 3896 761 3974 appellat
774 3915 810 3954 eo
825 3890 915 3975 quod*
923 3913 1058 3974 semper,
1080 3914 1115 3953 ac
1131 3892 1249 3973 praeci-

140 4000 202 4059 pue
215 3980 349 4038 Heraclii
362 3981 567 4059 temporibus,
599 3982 761 4059 annalogia
776 3979 933 4039 iudiciaria
950 3990 980 4037 et
995 3972 1250 4058 duoralaopuremp'

142 4066 272 4124 facrrltas
284 4074 369 4124 tanto
381 4067 415 4122 in
426 4063 541 4124 honore
561 4063 643 4145 apud
659 4085 711 4124 eos
724 4076 820 4143 esset,
848 4075 882 4124 ut
895 4084 964 4123 curn
977 4067 1080 4123 omnia
1095 4084 1135 4123 ex
1154 4065 1254 4141 magi-

143 4170 197 4209 cae
214 4149 392 4230 disoiplinaa
407 4154 523 4210 arcanis
536 4149 667 4231 petenda
683 4153 807 4210 consilia
826 4161 942 4226 essent,
972 4161 1003 4209 et
1021 4148 1101 4208 nihil
1120 4148 1253 4207 faustum

144 4256 211 4295 esse
225 4256 315 4317 posse
330 4237 555 4295 existimaretur
569 4235 652 4317 quod
666 4236 704 4294 ab
721 4238 766 4296 eis
779 4257 840 4295 non
854 4238 962 4296 fuisset
977 4234 1143 4308 definitum,
1164 4230 1255 4313 qnid-

147 4317 223 4403 quid
236 4319 390 4401 agendum
404 4332 499 4398 esset,
530 4343 585 4402 per
602 4320 801 4383 divinationes
823 4333 853 4381 et
873 4323 1059 4383 somniorum
1077 4321 1256 4398 interpreta-
