3000 4850
586 325 792 394 acaossru
817 327 842 394 1.
1046 337 1049 344 ¹
1122 303 1126 314 '
1194 331 1304 432 153ι

158 493 284 552 Dissert.
305 493 365 556 88:
396 485 513 571 litotes
541 487 597 571 μέν
621 494 684 572 πῦρ
705 488 824 574 ἄγαλμα
847 488 1007 574 έφῆμερον
1024 487 1192 574 ἀ’τόρεατον
1210 495 1264 560 sol

158 571 340 658 ἇληφᾶγον·
361 573 414 638 καλ
428 575 543 638 θέουσι
559 575 676 656 Πέρσαι
689 579 765 658 παρέ
771 621 779 652 ,
802 575 1022 656 ἐπιφοροῦντες
1035 573 1119 664 ‘stirps'
1132 576 1192 662 τὴν
1203 605 1264 644 πο·
1299 649 1302 664 ,

159 658 213 744 ρὸς
226 657 364 741 τροφήν,
383 658 569 743 έπιλέγοντες
584 653 668 743 “rso'p
684 661 814 725 δέσποτα
830 657 940 728 leisc*

246 745 317 810 185.
361 745 474 824 hphe.
491 751 513 810 2
532 751 584 810 20·
686 764 689 769 '

246 834 317 894 189.
359 830 506 890 Ghosrces
516 833 720 891 Romanorum
733 833 871 910 regiones
884 851 946 890 uon
959 831 1051 892 modo
1065 835 1192 910 spoliare
1205 835 1260 894 sed

159 918 333 994 etiam-igne
346 927 464 976 vastare
477 916 645 989 contendit3
668 915 748 997 quod
764 935 802 974 an
817 937 858 975 ex
870 921 964 978 animi
977 922 1025 976 sui
1036 919 1154 977 feritate
1168 939 1205 978 au
1219 941 1260 980 ex

157 1021 255 1061 vanae
275 1004 428 1081 religionis
450 1004 598 1082 principio
613 1002 728 1060 saecun
741 1003 848 1076 suerit,
870 1005 982 1062 nescio.
1026 1013 1141 1062 constat
1156 1016 1259 1064 autem

157 1089 192 1144 in
210 1107 295 1145 more
314 1089 409 1146 fuisse
428 1089 518 1146 etiam
532 1085 612 1167 apud
627 1097 744 1145 veteres
756 1089 863 1146 Persas
884 1099 918 1147 ut
943 1107 1030 1167 agros
1049 1089 1197 1170 urbesque
1208 1093 1258 1148 in-

158 1171 338 1230 cenderent:
366 1191 439 1230 nam
457 1176 592 1247 Xerxes,
614 1171 767 1230 Herodoto
787 1183 863 1230 teste
883 1172 937 1232 lib.
961 1177 981 1236 8
999 1195 1034 1252 p.
1059 1170 1138 1248 4743
1162 1183 1257 1234 totam

157 1259 291 1317 Atticam
309 1261 435 1316 exrassit.
479 1257 562 1339 quod
582 1259 641 1316 fuit
662 1260 694 1314 in
712 1277 801 1316 causa
816 1267 850 1316 ut
861 1260 1014 1318 Maximus
1027 1259 1139 1336 Tyrius
1149 1261 1257 1322 Persas

158 1344 265 1402 acriter
283 1341 516 1422 reprehenderet
534 1341 583 1402 his
603 1343 720 1402 verbis:
745 1338 842 1424 τούτῳ
854 1348 896 1426 τῷ
909 1338 1055 1424 ιέγοὶλματι
1069 1340 1123 1404 sol
1136 1349 1180 1427 spi
1190 1351 1258 1430 θεῷ

156 1425 210 1489 παλ
230 1424 288 1504 τήν
307 1423 459 1510 Ἐρέτριαν
479 1423 633 1492 α’ναλοῖσαι
652 1424 801 1490 δεδώκατε
815 1426 867 1489 καλ
877 1425 931 1503 scir
942 1423 1083 1509 Ἀθήνας
1097 1422 1191 1504 αὐτας
1206 1432 1258 1494 sul

156 1508 195 1576 sd
209 1505 318 1575 Ἱοέναν
332 1510 397 1596 lepti
412 1512 466 1576 stol
479 1507 681 1593 ττλῈλλήνων
694 1506 861 1594 ἆγᾶλματα.
894 1553 897 1560 -
1302 1538 1307 1550 ·

243 1600 316 1660 193.
357 1594 530 1679 νοούμενον
552 1609 597 1658 est
619 1597 771 1678 qurdqrdd
788 1609 884 1656 mente
904 1597 1071 1674 ooncspr'tur
1090 1607 1118 1654 et
1134 1597 1190 1656 sub
1206 1601 1257 1658 iu-

156 1681 355 1763 tellr'gerstiom
374 1683 468 1744 rodit:
491 1686 652 1764 opponitur
673 1694 774 1742 auum
787 1689 851 1757 τοῖς
866 1679 1027 1762 ὁρωμένοις
1042 1693 1072 1740 et
1086 1683 1256 1763 αἰσθητοῖς,

155 1767 245 1826 rebus
265 1768 434 1828 visibilibus
454 1780 482 1827 et
504 1766 703 1828 monilibus
748 1771 851 1848 itaqua
881 1765 1033 1847 νοουμένη
1056 1761 1137 1846 πύλη
1164 1781 1256 1847 porte
1302 1777 1309 1800 ’

156 1852 382 1926 masculam,
401 1875 458 1936 per
471 1873 564 1934 quam
576 1872 713 1932 egressus
726 1863 771 1912 est
783 1854 954 1926 Heraclius,
976 1853 1026 1910 vel
1038 1862 1082 1910 est
1095 1855 1192 1931 pietas
1206 1858 1257 1913 val

156 1940 320 2017 sapientia,
342 1942 393 2000 vel
411 1938 536 2000 tandem
555 1936 655 2017 deus,
669 1958 729 2022 quo
753 1937 828 1999 duce
851 1949 881 1998 et
899 1938 1006 1997 comite
1019 1956 1038 1995 a
1054 1947 1133 1996 reeta
1147 1941 1255 1999 itinere

156 2023 293 2085 aberrare
306 2046 368 2086 non
380 2028 489 2107 potuit.

240 2113 314 2175 200.
358 2111 467 2172 alludit
478 2110 519 2171 ad
528 2109 611 2172 diem
622 2113 756 2172 natalem
766 2111 896 2190 imperii,
911 2111 963 2191 qui
975 2107 1039 2168 dies
1051 2106 1086 2172 sd
1097 2107 1256 2191 γενέθλιον
1306 2123 1310 2132 ’

155 2195 333 2274 simpliciter
353 2196 414 2256 dici
437 2199 553 2259 solebat
575 2208 606 2257 et
621 2217 733 2278 magna
754 2194 1048 2257 omniumordinmn
1065 2197 1254 2255 solemnitate

155 2280 377 2357 celebrabatur3
398 2280 479 2342 unde
492 2281 652 2366 γενέθλιον
664 2278 788 2346 έππιιιέν
802 2292 832 2340 et
845 2277 1026 2363 γονεθλιατιή
1042 2282 1175 2362 θεαρέα,
1197 2301 1254 2340 na-

154 2365 249 2425 talicii
263 2365 329 2427 ludi
342 2369 497 2431 circenses
515 2380 545 2428 et
560 2370 700 2429 natalicia
719 2369 888 2449 spectacula
904 2386 922 2426 a
937 2365 1125 2447 Theophane
1134 2388 1172 2447 p.
1192 2370 1252 2433 191

153 2461 186 2509 et
200 2453 262 2517 195
276 2466 496 2530 memorantur,
516 2474 593 2536 quae
608 2458 641 2513 in
657 2453 739 2513 diem
755 2458 793 2517 11
810 2456 883 2511 Maii
896 2452 1078 2511 incidebant.
1198 2476 1200 2483 ⁴

215 2560 220 2566 ’
238 2541 313 2603 202.
355 2560 446 2621 saepe
459 2542 633 2599 Heraclium
645 2551 679 2600 ut
697 2538 843 2600 athletam
858 2547 1075 2617 repraesentat,
1098 2556 1133 2595 ac
1144 2537 1254 2595 nullibi

153 2639 227 2681 sana
240 2626 372 2702 apertius
385 2646 476 2706 quam
494 2623 545 2685 hic
560 2637 589 2684 et
603 2629 635 2683 in
647 2624 845 2705 sequentibus
856 2624 974 2683 iambis.
1018 2626 1120 2703 itaqua
1137 2621 1254 2681 inducit

152 2708 327 2768 Heraclium
339 2722 369 2769 et
379 2710 545 2770 chosroem
556 2711 652 2769 valoti
666 2714 794 2769 interae
809 2719 954 2768 cenantes
975 2726 1080 2767 cursu:
1102 2704 1255 2765 theatrum

153 2793 217 2849 sive
236 2794 339 2854 circus
361 2808 406 2855 est
423 2808 501 2855 terra
521 2800 676 2871 universa,
699 2805 880 2875 spectatores
894 2804 964 2853 suut
981 2796 1117 2853 omnium
1134 2792 1255 2851 urbium
1309 2818 1313 2829 ·

152 2879 248 2953 cives,
268 2879 363 2940 iudex
379 2893 425 2941 est
440 2881 525 2941 deus.
568 2881 629 2941 huc
641 2883 756 2939 faciunt
769 2898 846 2961 quaa
860 2878 994 2937 diximus
1007 2896 1101 2955 supra
1113 2897 1143 2934 v.
1156 2878 1209 2939 51.

216 2965 312 3027 ¹204.
355 2978 390 3025 ut
410 2986 563 3027 summum
583 2965 729 3025 athletam
751 2966 846 3024 trusae
865 2966 1037 3022 Heraclium
1059 2960 1254 3037 demonstret,

153 3050 287 3129 quinque
309 3072 451 3111 cursuum
472 3055 521 3112 vel
543 3055 740 3111 certaminum
762 3052 918 3109 victoriam
936 3052 964 3107 ei
979 3049 1097 3107 tribuit:
1120 3057 1154 3104 ut
1170 3049 1253 3105 enim

152 3136 364 3214 antiquitatum
377 3141 535 3217 scrIptores
547 3136 685 3212 uadunt,
706 3138 755 3196 illi
766 3138 844 3195 inter
857 3132 985 3193 athletas
998 3132 1184 3191 habebantur
1195 3150 1252 3212 pe·
1317 3166 1322 3177 ·

152 3219 306 3297 citissimi,
328 3226 381 3304 qui
401 3218 563 3306 πεντάθλῳ
583 3226 647 3282 siva
668 3225 801 3303 quinqua
817 3222 1014 3278 antummum
1022 3215 1183 3297 generibus
1195 3215 1252 3275 de-

150 3314 328 3382 certassent,
349 3307 492 3367 videlicet
506 3328 610 3385 canu,
633 3310 728 3382 saltu,
751 3306 849 3381 disco,
872 3306 986 3379 iaculo,
1008 3305 1107 3375 lucts3
1131 3322 1252 3383 acpro-

149 3386 222 3447 inda
239 3388 414 3456 πεντάθλου
433 3397 496 3453 sive
511 3393 593 3475 quod
608 3393 692 3453 idem
706 3396 753 3451 est
768 3392 1003 3471 quinquertiones
1017 3390 1083 3447 laus
1098 3398 1161 3446 tam
1175 3390 1252 3447 insi-

150 3476 221 3550 gnis
238 3476 321 3556 apud
339 3489 456 3539 veteres
475 3480 550 3555 fuit,
572 3492 606 3538 nt
629 3480 732 3561 quiin
756 3478 817 3535 illis
838 3480 972 3558 quinque
988 3474 1254 3533 exercitationibus

149 3562 332 3637 eminerent,
362 3563 528 3628 πένταθλοι
542 3567 591 3623 vel
605 3566 846 3645 qssinquertionea
861 3560 1040 3620 dicerentur.
1085 3578 1163 3639 quae
1181 3562 1253 3640 qui-

150 3640 221 3702 dem
235 3648 301 3707 laus
312 3660 377 3707 tarn
391 3652 453 3708 late
466 3654 579 3730 patuit,
601 3661 635 3709 ut
649 3653 703 3732 qui
713 3650 817 3729 aliquo
828 3651 972 3707 virtutum
985 3666 1095 3725 genere
1114 3654 1251 3725 praesta-

148 3740 231 3805 rent,
251 3736 433 3794 translaticie
453 3734 619 3800 πένταθλοι
640 3736 873 3815 appellarentur.
918 3732 999 3813 quod
1009 3730 1058 3789 de
1077 3732 1252 3790 Democrito

148 3812 263 3873 dictum
281 3821 374 3878 refert
389 3822 541 3900 Diogenes
556 3823 693 3881 Laertius
708 3815 763 3879 lib.
779 3822 799 3883 9
821 3824 881 3885 37:
902 3816 945 3892 οές
960 3814 1122 3903 πεντάθλῳ
1140 3818 1218 3881 ἔοικε
1234 3812 1252 3878 ὁ
1311 3836 1316 3843 ·

146 3895 335 3981 φιλόσοφος·
357 3905 410 3967 παλ
423 3898 465 3987 ἦν
476 3904 520 3980 ιές
531 3900 656 3986 ἇληθοῖς
669 3907 703 3969 έν
712 3905 882 3991 φιλοσοφίᾳ
893 3902 1072 3975 πένταθλος.

232 3990 307 4053 205.
349 3986 545 4072 οἷντεγεέροον,
571 3990 644 4051 hino
669 3990 741 4050 inde
768 3992 889 4049 stimulo
908 3990 957 4048 vel
979 3988 1099 4067 flagello
1120 3987 1248 4044 incitans

145 4089 259 4151 equos,
293 4084 328 4135 ut
351 4080 384 4135 in
407 4078 514 4137 multis
535 4080 667 4160 antiquis
684 4078 888 4137 monumentis
909 4080 1170 4155 repraesentantur
1192 4088 1248 4127 au-

143 4174 238 4236 ngas.

229 4246 305 4307 206·
346 4242 529 4331 παραβᾶτην
553 4258 633 4308 recte
654 4256 742 4307 vocat
761 4241 944 4320 chosroam,
974 4253 1042 4301 turn
1068 4238 1150 4322 quod
1171 4237 1249 4316 legis

144 4327 322 4389 violatorem
337 4332 527 4411 porchetum
541 4335 690 4395 vocabant
703 4333 828 4409 limaci,
849 4340 884 4391 nt
897 4329 1123 4389 observavimus
1135 4324 1173 4384 de
1184 4324 1251 4383 Es-
