3000 4850
265 323 339 397 ιιι
523 319 735 407 onmctus
758 320 805 389 m
828 266 1109 390 tumemus

264 495 315 554 vel
334 488 466 573 pecudes
488 488 565 571 (per
583 485 621 553 et
643 492 724 571 μῆλα
740 490 821 546 euim
837 498 999 571 utrumque
1014 498 1095 548 recte
1107 498 1207 571 potest
1218 490 1372 571 intelligi)

265 580 303 642 ab
316 577 410 637 hortis
425 573 627 657 Hesperidum
639 576 773 650 abstulit,
796 576 970 635 Heraclium
981 587 1084 635 autem
1095 596 1171 657 opus
1185 578 1288 656 ipsum
1301 596 1373 636 con·

264 666 389 737 iecisse,
413 682 482 721 cnm
501 664 593 720 totius
611 658 744 720 Persidis
766 662 902 719 civitates
921 660 1044 721 devicit.
1087 673 1118 721 at
1137 664 1170 721 in
1191 663 1298 723 Poi‘ns.
1321 665 1370 721 cit.

266 708 497 811 Constahtinum
524 747 657 809 Heraclii
680 746 779 805 filium
801 766 952 806 summam
970 746 1095 805 laudem
1115 758 1286 807 assecutum
1308 768 1373 807 esse

263 834 353 908 dicit,
377 831 460 941 quod
487 834 670 936 sapientium
695 835 822 933 scripta,
851 852 942 891 aurea
963 852 1034 890 vere
1056 835 1157 911 mala,
1187 833 1373 912 degustavit:

264 916 368 1001 λοβῶν
382 915 419 981 ssi
431 922 529 999 χρυσοῖ
545 921 643 997 μῆλα,
664 914 737 991 τούς
754 910 874 995 adpone
890 916 1009 1000 λόγους.

349 1008 402 1070 80.
445 1004 569 1063 Vossius
583 1001 708 1082 deorig.
727 1001 801 1061 idol.
816 1002 870 1061 lis.
887 1008 950 1067 9ο.
969 1002 1009 1067 15
1024 1000 1227 1082 Hesperidum
1238 1003 1374 1061 fabulam

265 1100 346 1151 recte
365 1088 508 1148 ridetur'
498 1098 728 1168 interpretatus·
751 1090 794 1147 ait
808 1091 891 1146 enim
903 1088 1066 1149 Herculem
1080 1108 1147 1147 esse
1161 1090 1277 1161 solem,
1302 1086 1374 1147 hor·

265 1188 314 1237 tos
328 1196 396 1235 cum
411 1175 509 1233 aureis
522 1176 622 1253 pomis
637 1192 702 1233 esse
719 1174 838 1231 coelum
854 1194 925 1233 cum
936 1175 1050 1249 steHis,
1073 1172 1257 1253 Hesperidas
1273 1185 1375 1231 autem

266 1282 333 1321 esse
348 1270 486 1333 noctem,
509 1262 552 1318 ita
570 1253 632 1321 obed
646 1262 703 1337 τῆς
718 1256 843 1336 ἑσπέρας
854 1269 1059 1340 nuncupatam
1081 1277 1117 1316 sc
1134 1257 1263 1338 proinde
1285 1260 1376 1316 labn-

266 1349 317 1406 lae
332 1366 403 1405 eum
418 1364 483 1403 esse
497 1364 639 1418 sensum,
660 1356 694 1403 ut
711 1346 898 1423 intelligatur
911 1345 976 1404 sole
990 1346 1146 1404 exoriente
1157 1345 1259 1423 fugari
1272 1345 1376 1403 steHm

271 1443 301 1491 et
316 1433 391 1511 pelli
405 1441 537 1489 noctem.
579 1448 667 1509 porro
680 1428 784 1490 Pisida
795 1429 868 1489 huic
877 1432 1116 1511 interpretationi
1129 1430 1222 1505 favet,
1244 1431 1299 1511 qui
1312 1432 1377 1487 He-

271 1519 356 1576 raclii
379 1519 446 1576 luce
466 1518 571 1595 pulsas
594 1534 660 1575 esse
683 1517 823 1575 tenebras
842 1518 955 1592 noctis,
977 1516 1012 1575 id
1026 1526 1072 1575 est
1085 1515 1235 1590 Persidis,
1256 1514 1310 1573 hic
1323 1518 1376 1586 sit,

272 1613 303 1661 et
319 1604 392 1662 alibi
406 1603 581 1661 Heraclium
597 1602 693 1661 solem
709 1600 905 1661 disertissime
920 1602 1064 1681 appellat.
1108 1601 1146 1659 de
1163 1601 1281 1679 Exped.
1302 1604 1322 1664 8
1344 1603 1378 1663 9.

357 1688 409 1755 84.
454 1685 492 1747 de
508 1707 593 1746 more
608 1684 816 1768 ὖιιερβολικοῖς
831 1689 1005 1746 Heraclium
1021 1696 1175 1766 comparat
1189 1683 1377 1766 patriarchas

271 1774 353 1851 Noe,
377 1775 430 1855 qui
446 1794 488 1832 ex
502 1775 639 1831 unanimi
652 1784 773 1853 patrum
784 1776 934 1832 sententia
946 1772 1005 1832 fuit
1017 1782 1109 1853 typus
1121 1768 1243 1833 christi

355 1864 408 1925 89.
453 1860 572 1921 Gemi
596 1863 647 1923 ts.

357 1947 409 2009 91.
453 1948 496 2010 70
515 1948 694 2024 interpretes
723 1946 800 2005 Gen.
824 1947 907 2011 811
929 1942 1045 2003 habent
1061 1937 1182 2023 psillos
1199 1941 1321 2017 liniue.-
1347 1952 1378 1999 at
1496 1977 1497 1996 ι

270 2028 376 2091 Pisida
393 2030 496 2089 dicens
516 2030 618 2104 ἐλαίοις
633 2028 746 2093 uirides
760 2032 917 2110 vulgatam
931 2034 1102 2090 versionem
1117 2031 1206 2089 nobis
1222 2048 1380 2088 commen-

271 2115 340 2193 dat,
363 2119 395 2174 in
416 2136 476 2197 qua
493 2116 624 2194 legimus
644 2120 727 2175 venit
742 2116 882 2175 columba
890 2128 1019 2194 portans
1032 2135 1151 2173 ramum
1167 2117 1265 2174 olivae
1279 2115 1380 2171 vires—
1496 2131 1497 2148 t

272 2201 353 2261 tibus
367 2202 495 2281 soliis
482 2222 516 2259 ιιι
542 2222 592 2259 ore
612 2222 685 2260 suo.-
708 2221 781 2260 nam
800 2196 912 2275 κλάδος
933 2211 979 2261 est
1001 2221 1102 2260 ramus
1120 2212 1207 2260 tener
1222 2210 1253 2258 et
1266 2202 1379 2258 virens.

272 2298 405 2345 ceterum
426 2306 496 2344 cum
514 2280 718 2369 ἆλληγορικοῑς
734 2288 876 2367 loquetur
889 2292 994 2366 potita,
1017 2296 1100 2366 petet
1115 2306 1172 2391 per
1189 2304 1309 2344 ramum
1320 2285 1380 2343 oli-

259 2360 328 2431 ¹rue
348 2372 484 2430 tabulam
507 2371 607 2430 forsan
633 2372 821 2452 oleaginum,
843 2370 979 2432 Christi
970 2376 1137 2452 nnaginem
1150 2365 1381 2456 ἀχειροποίητον

274 2459 470 2531 referentem,
491 2457 679 2536 inteHigere,
702 2477 762 2564 qua
773 2460 907 2524 munitus
920 2459 1099 2518 Heraclius
1089 2479 1122 2516 m
1135 2455 1301 2517 chosroam
1312 2475 1381 2515 sno-

272 2545 328 2602 vit.
364 2502 491 2622 proinde
506 2561 577 2600 vero
594 2563 712 2602 ramum
726 2537 897 2624 η’λεημέοην
910 2545 961 2602 rel
972 2547 1089 2623 potius,
1111 2563 1138 2602 ss
1128 2545 1267 2623 placet,
1288 2537 1381 2622 ἠλεη-

272 2626 389 2710 μένον
380 2647 480 2708 ipsam
492 2628 627 2706 effigiem
642 2633 711 2688 lesu
724 2627 837 2687 Christi
849 2639 954 2703 vocat,
976 2648 1031 2707 per
1050 2648 1143 2710 quam
1159 2630 1275 2688 scilicet
1291 2630 1382 2686 ηιὼι-

273 2712 436 2772 ricordiem
458 2716 588 2772 Romani
605 2726 678 2773 sunt
697 2716 859 2772 consecuti.-
881 2734 987 2773 omnes
1006 2718 1089 2773 enim
1109 2735 1178 2794 spes
1197 2734 1269 2773 suus
1290 2715 1323 2771 in
1345 2731 1381 2770 es

275 2800 499 2859 collocaverat
490 2811 669 2879 imperator,
693 2803 781 2881 eique
792 2809 910 2880 partam
923 2802 1080 2868 v‘mtoriam
1095 2819 1136 2859 ex
1151 2799 1286 2858 barbaris
1299 2807 1381 2857 retu-

276 2885 313 2946 llt
329 2896 494 2966 acceptam.
537 2883 607 2944 vide
623 2885 791 2964 deExped.
812 2891 826 2948 1
852 2888 913 2950 139
935 2895 966 2944 et
986 2890 1008 2949 2
1030 2890 1084 2952 86.

366 2975 418 3035 98.
462 2967 593 3030 ostendit
613 2969 740 3052 dignum
760 2972 853 3030 luisse
874 2971 1049 3029 Heraclium
1071 2972 1125 3052 qui
1146 2991 1165 3029 a
1187 2970 1252 3029 solo
1273 2964 1382 3047 Apelle

277 3056 340 3115 Coo
360 3059 535 3136 pingeretur
548 3067 610 3116 eta
627 3060 691 3118 solo
708 3054 913 3115 Demosthene
930 3067 1082 3115 oratorum
1092 3058 1229 3115 maximo
1248 3053 1382 3112 celebra-

278 3152 378 3216 retur,
401 3143 511 3224 quibus
535 3143 635 3202 verbis
655 3144 763 3202 tacitns
778 3140 948 3200 Alexandri
963 3145 1067 3221 Magni
1083 3140 1237 3200 decretum
1251 3139 1383 3198 nobisin

278 3239 414 3286 mentem
430 3237 567 3303 revocat,
590 3226 628 3286 de
646 3248 706 3309 qno
723 3231 865 3286 Horatius
880 3231 968 3307 epist.
983 3231 1004 3290 9
1031 3233 1048 3292 1
1072 3230 1146 3290 289.

364 3317 417 3378 97.
461 3313 578 3392 legem,
600 3311 639 3371 de
659 3333 718 3394 qua
738 3323 803 3372 tam
817 3317 936 3392 copiose
950 3315 1013 3392 agit
1027 3322 1145 3388 noster,
1165 3313 1262 3371 fuisse
1275 3328 1382 3370 censeo

276 3399 406 3460 civitatis
420 3399 594 3478 cpolitanae
607 3399 743 3457 solemne
757 3397 927 3473 decretum,
950 3417 1010 3480 quo
1023 3401 1187 3473 sancitum,
1207 3409 1242 3457 nt
1254 3396 1382 3468 videtur,

277 3485 353 3558 luit,
375 3493 409 3540 ut
431 3485 587 3542 Heraclius
609 3487 684 3564 imp.
707 3487 739 3543 in
762 3483 950 3543 debellandis
969 3486 1070 3543 Persis
1091 3483 1192 3543 adhuc
1211 3492 1382 3562 occupatus,

277 3567 388 3628 bellico
410 3577 516 3627 ornatu
537 3571 698 3648 insignitus
722 3570 825 3650 aliqua
836 3573 868 3627 in
882 3580 967 3649 parte
982 3570 1066 3628 urbis
1077 3573 1268 3650 pingeretur,
1291 3579 1321 3626 et
1333 3569 1384 3624 in·

277 3656 448 3732 scriptionis
465 3655 532 3713 loco
554 3657 688 3733 elogium
702 3657 895 3730 scriberetur,
921 3659 953 3715 in
965 3675 1026 3736 quo
1038 3667 1158 3734 praeter
1169 3655 1294 3715 titulos
1285 3671 1386 3732 impe-

276 3739 424 3798 ratoribns
441 3737 506 3797 dari
524 3741 629 3799 solitos
644 3761 740 3798 novus
759 3741 860 3819 Scipio
877 3753 1048 3816 vocaretur,
1076 3760 1241 3822 omnesque
1260 3759 1301 3797 ex
1321 3741 1386 3796 He-

278 3825 398 3882 metito
378 3834 468 3902 gente
485 3825 648 3903 Scipiadae
661 3825 840 3886 dicerentur.
883 3820 1044 3902 idcirco,
1027 3847 1060 3884 ιιι
1050 3827 1171 3900 fallor
1194 3826 1298 3905 paullo
1316 3833 1384 3881 ante

276 3911 420 3990 Apellem
440 3920 471 3969 et
491 3909 746 3986 Demosthenem,
769 3914 853 3970 utin
866 3915 943 3971 vivis
960 3923 1075 3987 essent,
1098 3910 1302 3986 desiderabat,
1324 3910 1385 3967 sci·

275 3995 347 4056 licet
364 4005 399 4052 ut
413 3995 488 4054 alter
504 3996 652 4056 coloribus
668 4007 698 4055 et
715 3957 791 4055 alter
805 3997 904 4056 verbis
921 3997 1028 4076 digne,
1053 3957 1144 4079 dtque
1160 4007 1194 4055 nt
1208 3998 1285 4054 tanti
1298 3996 1386 4074 prin-

276 4083 353 4160 cipis
369 4079 501 4160 dignitas
519 4091 548 4139 et
562 4085 657 4142 virtus
673 4081 833 4141 ridebatur
846 4103 1026 4162 exposcere,
1050 4086 1256 4162 exprimerent
1274 4080 1386 4158 imagi-

278 4186 360 4226 nem.
392 4185 452 4248 quo
465 4176 566 4225 temen
580 4169 613 4224 in
625 4167 692 4227 loco
704 4169 788 4227 urbis
801 4171 951 4228 exstiterit
965 4166 1041 4227 haec
1051 4171 1167 4249 pictum
1179 4187 1243 4226 nou
1256 4173 1386 4224 constat:

280 4255 397 4332 primus
413 4254 495 4310 enirn
509 4272 550 4310 ex
561 4255 757 4332 scriptoribus
769 4256 945 4333 Byzantinis
960 4251 1020 4313 hoc
1030 4265 1132 4314 nouat
1146 4250 1266 4326 Pisida,
1287 4267 1387 4330 neque

280 4340 360 4396 iuter
377 4340 594 4418 epigrammata
611 4348 642 4397 et
657 4350 854 4398 monumenta
870 4339 954 4402 urbis
972 4341 1147 4420 cpolitanae
1164 4357 1183 4398 a
1198 4339 1298 4419 potitis
1314 4335 1387 4396 olim
