3000 4850
256 277 308 353 98
692 278 753 346 nn
787 275 929 347 GlNGll

257 445 362 505 erdem
380 441 462 502 lrsno
482 439 617 503 medinm
641 442 812 518 illustr-unu
834 445 919 506 ouius
939 442 1019 504 letus
1032 461 1160 525 vergens
1175 443 1208 504 ln
1221 443 1303 506 letus
1318 449 1379 510 iu-

258 533 351 590 terius
366 545 423 589 sex
438 528 583 588 viridibus
599 529 749 590 oolurnnis
764 539 897 607 omptur.
939 525 1049 589 horum
1061 532 1292 592 interoolunrniu
1309 532 1377 594 hs-

258 617 332 676 bent
346 616 466 695 pluteos
480 615 595 674 similes
608 615 720 694 pluteis
734 617 851 695 primue
866 615 966 674 sulae.
1009 635 1128 678 osmeru
1147 615 1248 676 medin
1270 624 1378 678 susti-

256 711 347 761 netur
368 700 516 760 oolunmis
539 701 673 760 oolorsm
687 700 824 760 medium
838 703 917 759 inter
928 700 1032 760 album
1044 711 1075 761 st
1088 701 1230 780 glsuouru
1243 721 1319 782 pree
1336 725 1377 764 se

256 786 444 861 ferentibur‚·
457 786 491 843 in
507 783 687 867 quadretum
700 784 839 846 ordinem
855 783 1024 865 dispositis,
1048 805 1176 868 querum
1192 785 1269 847 dure
1282 801 1375 850 stent
1488 843 1489 850 ,

255 891 321 931 non
336 872 429 950 longe
442 887 462 930 s
475 871 570 930 lutere
584 872 741 946 exteriori,
764 872 899 952 reliques
916 868 994 930 duse
1009 889 1118 952 perum
1134 873 1243 932 absunt
1258 874 1296 934 sb
1314 877 1374 932 in-

256 958 360 1016 teriori
371 957 466 1015 lutere
479 966 584 1016 ornsto
596 975 654 1016 sex
665 957 825 1016 oolnmnis.
868 973 910 1014 ex
922 953 1176 1018 hsomedinsuls
1192 961 1292 1018 exitus
1306 979 1374 1040 pu·
1488 1011 1489 1040 ¹

258 1049 303 1101 tet
318 1044 353 1100 in
372 1043 509 1116 tertium,
530 1061 586 1122 per
598 1059 702 1101 rreum
715 1051 780 1101 tsm
792 1043 853 1101 lete
866 1051 1021 1122 putentem
1035 1061 1129 1124 qnsm
1142 1044 1285 1118 ultorum,
1308 1065 1375 1124 per
1488 1080 1489 1132 ¹

256 1141 352 1209 quem
374 1124 475 1186 sditns
497 1137 544 1186 est
565 1145 583 1185 u
603 1129 702 1206 prims
722 1127 794 1186 suls
808 1129 842 1184 in
856 1125 1032 1188 secundem.
1074 1131 1162 1187 tertio
1174 1130 1244 1188 suls
1254 1132 1375 1192 similis
1424 1144 1428 1153 ’
1488 1181 1489 1232 ¹

256 1223 303 1273 est
316 1211 533 1292 primseeulue
545 1209 750 1290 longitudine,
771 1213 927 1288 fenestris,
948 1209 1175 1293 pereuntium,
1198 1215 1375 1292 oolunsnis3

254 1297 370 1379 quibu·
387 1306 529 1378 quattuor
540 1299 705 1356 sustinetur
718 1299 783 1356 eius
800 1315 934 1370 seruere,
957 1309 987 1356 et
1005 1298 1084 1358 letus
1102 1300 1226 1358 interius
1242 1317 1300 1359 sex
1317 1305 1374 1360 vi-

257 1381 384 1442 ridibus.
425 1384 570 1442 itmrero
581 1379 855 1463 interpilssdues‚
877 1383 1280 1464 quibnssurtineturqnsrts
1292 1405 1372 1464 pure
1488 1389 1489 1466 ¹

255 1465 404 1548 sphserse
422 1465 634 1543 occidentalis,
655 1476 777 1527 exstent
798 1476 940 1548 quattuor
960 1468 1119 1528 columnae
1138 1467 1268 1544 virides,
1290 1490 1374 1530 eue-
1488 1469 1489 1506 l

257 1550 390 1633 demque
405 1551 497 1611 binse
513 1555 594 1612 inter
606 1573 640 1612 se
653 1554 845 1612 ooniunotoe:
866 1554 946 1612 inter
959 1549 1015 1612 hus
1030 1552 1219 1614 interoedunt
1235 1573 1293 1615 rex
1308 1577 1373 1616 oo·
1488 1623 1489 1646 ¹

255 1637 400 1697 linnellse
415 1637 527 1698 virides
541 1639 672 1698 lonions.
715 1635 862 1697 hnoteuus
878 1637 1009 1718 Gyllius.

340 1720 395 1789 4ο.
436 1725 473 1782 In
492 1725 619 1783 irtsrsrm
632 1723 771 1782 nulsrnm
788 1725 978 1802 superiorum
994 1739 1055 1783 uns
1068 1723 1246 1804 imperatrix
1259 1727 1370 1786 oonsi-

256 1816 336 1867 rtere
349 1807 475 1883 solebst,
496 1827 568 1868 oum
579 1807 692 1868 di'rinis
704 1809 812 1868 offitiis
827 1811 980 1868 intererat.
1001 1807 1035 1867 id
1049 1805 1160 1869 diserte
1175 1807 1268 1868 trudit
1277 1813 1372 1870 Ene—
1488 1811 1489 1816 ’

255 1896 356 1972 grim,
384 1893 438 1952 ubi
461 1890 500 1952 de
513 1887 670 1955 ‘oolumnis
685 1891 888 1969 The-ostiola,
917 1911 997 1974 quus
1016 1891 1056 1951 ed
1076 1897 1310 1974 septentrionem
1333 1907 1369 1957 et
1488 1927 1489 1950 ι

252 1977 415 2037 meridiem
426 1987 590 2060 utromque
602 1999 707 2039 sronrn
719 1980 985 2059 septentrionalem
999 1978 1241 2038 etmeridisnnm
1251 1981 1370 2042 snffnl-
1488 1997 1489 2012 ¹

253 2065 358 2124 siunt:
380 2062 414 2127 iv
433 2063 521 2151 δεξιῷ
540 2061 575 2127 di
589 2063 642 2128 καί
661 2061 738 2128 sord
755 2060 788 2129 σι’
805 2057 966 2144 εὐώνυμον
977 2066 1079 2138 κίονες
1090 2059 1194 2140 adroic
1208 2061 1370 2148 respirari·
1488 2123 1489 2151 ¹

252 2148 341 2231 χάιαι
354 2148 388 2212 ir
405 2151 555 2212 Θεσσαλοῦ
570 2150 663 2214 λίθοο
682 2147 899 2229 πεποιημένοι·
929 2146 1058 2234 rlrreppiu
1078 2145 1112 2212 di
1131 2153 1370 2230 μετεωρίξοασιν
1488 2171 1489 2208 l

253 2231 367 2315 ίτίροις
381 2234 603 2316 παραπλησίοις
617 2234 709 2310 κίοσι,
730 2227 917 2316 προκύπτειν
932 2241 996 2309 τοῖς
1011 2232 1210 2316 βουλομένοις
1227 2232 1368 2312 διδόντες

252 2315 287 2392 λς
306 2314 344 2381 roi
365 2312 548 2398 τελούμενα,
576 2313 656 2382 ὅθεν
675 2316 728 2381 καί
749 2315 774 2400 ἦ
794 2317 914 2400 βσσιλλς
932 2323 1072 2404 παροῦσα
1092 2325 1158 2396 ταῖς
1180 2319 1301 2404 ἑορταῖς
1321 2326 1367 2411 σῇ
1488 2391 1489 2400 ¹

254 2401 851 2490 ίιρονργίατιῖνρνσιηρίιινίφίσσαιαι.
1488 2415 1489 2437 ί

338 2487 392 2553 41.
435 2492 472 2548 ln
490 2486 569 2548 huno
591 2507 734 2569 superum
749 2486 834 2549 sedis
853 2498 971 2569 purtem
992 2508 1132 2549 aseensus
1149 2491 1254 2549 existit
1268 2501 1364 2573 qust—

252 2581 322 2633 tuor
334 2570 483 2651 ooohleis‚
504 2572 714 2656 qursdixiud
726 2573 896 2635 fulciendos
908 2584 1051 2656 quattuor
1065 2578 1193 2637 maiores
1205 2578 1282 2655 pilus
1298 2596 1364 2643 unu

253 2678 323 2717 oum
337 2678 425 2717 muro
440 2662 617 2741 opposuisse
630 2663 847 2736 lustinisnum,
878 2678 949 2719 oum
971 2661 1140 2739 oollspsum
1160 2660 1362 2741 hemisphee-
1488 2676 1489 2715 3

252 2745 334 2802 rium
352 2742 452 2803 denuo
472 2746 660 2806 instauravit.
701 2747 824 2827 κοχλίας
847 2744 999 2805 cedrenus
1024 2746 1157 2825 appellet
1178 2748 1245 2807 loeo
1266 2766 1362 2826 snprs
1488 2752 1489 2805 ἐ

253 2826 404 2909 desoripto
418 2849 452 2889 n.
464 2833 516 2907 36,
536 2829 592 2891 sed
605 2850 668 2892 non
683 2832 756 2893 setis
775 2832 905 2911 proprie,
920 2832 1021 2911 inquit
1034 2832 1163 2910 Gyllins,
1179 2850 1248 2891 oum
1258 2834 1360 2911 magis
1488 2854 1489 2861 ¹

253 2914 285 2972 in
300 2915 491 2974 snireotnnm
504 2917 688 2977 nonnulium
706 2935 800 2998 quum
816 2914 1006 2975 ooolrleerurn
1023 2914 1150 2975 modum
1163 2917 1274 2995 gradus
1287 2934 1360 2977 sur-
1488 2920 1489 2925 ’

252 3010 342 3078 gent:
366 3003 500 3082 quinque
520 3004 603 3061 enim
619 3003 657 3061 eb
675 3000 857 3061 snirsotibus
874 3001 912 3060 sb
928 3003 990 3061 imo
1006 3000 1192 3077 eroenditur,
1221 3022 1282 3061 non
1297 3023 1359 3061 ex·-

252 3088 397 3165 ssperstis
408 3088 441 3144 in
457 3086 585 3165 gradus,
615 3085 671 3147 sed
686 3090 720 3146 in
732 3088 859 3147 mollem
872 3088 985 3145 olivum
999 3086 1175 3146 substructis
1191 3106 1231 3145 ex
1245 3090 1357 3167 amplis

250 3173 364 3229 mensis
378 3175 566 3232 marmoreis.
607 3170 719 3232 horum
737 3175 871 3252 quinque
894 3172 1085 3231 enimotuum
1103 3172 1215 3251 singuli
1228 3173 1281 3231 ulti
1296 3192 1357 3233 nn-

251 3252 398 3333 des-iginii
414 3256 506 3335 pedes
528 3269 559 3318 et
579 3256 806 3339 resqnipedem,
831 3258 885 3315 leti
899 3260 1032 3338 quinque
1044 3254 1154 3337 pedes3
1187 3258 1357 3339 exquibus

250 3350 335 3418 petet
354 3345 560 3419 pavimentum
582 3346 772 3423 superiorum
796 3344 965 3421 portionum
987 3362 1041 3403 seu
1063 3345 1320 3423 γνναινοονιτίίοιν
1337 3364 1356 3403 s

250 3423 424 3503 pavimento
443 3438 474 3485 et
493 3430 558 3486 solo
575 3428 660 3489 sedis
678 3425 718 3487 sd
733 3426 924 3487 altitudinem
937 3424 1051 3507 pedum
1066 3432 1107 3492 97
1122 3436 1152 3486 et
1164 3428 1355 3508 sesquipedis

250 3508 410 3585 sonuum,
446 3512 634 3594 proindeque
658 3515 806 3594 reliquum
828 3510 912 3571 sedis
930 3511 1121 3571 altitudinem
1141 3512 1182 3571 sd
1201 3532 1354 3573 summum

251 3605 441 3654 ourrntnrsm
463 3616 587 3657 erenum
601 3596 643 3664 45
663 3596 779 3678 pedum
801 3607 832 3657 et
844 3596 1034 3678 sesquipedir
1050 3598 1159 3673 fuisse,
1188 3597 1352 3679 siquidem,

249 3690 283 3744 ut
301 3678 439 3740 observet
457 3683 598 3762 (lydius,
625 3694 689 3743 tots
706 3684 814 3763 templi
836 3682 964 3742 altitudo
986 3702 1005 3741 s
1025 3685 1197 3763 parimento
1213 3683 1251 3743 ed
1265 3686 1354 3745 illem

250 3776 440 3825 ounnturnm
453 3776 500 3825 est
515 3766 576 3833 142
588 3768 712 3849 pedum.
755 3768 939 3828 unfrsrtibus
958 3770 1023 3828 istis
1043 3766 1208 3827 suoosduut
1228 3771 1282 3828 ulii
1295 3789 1353 3827 sn-

246 3848 360 3910 irnotns
376 3870 473 3932 usque
487 3852 527 3911 nd
539 3856 645 3935 templi
659 3864 782 3930 terttnn,
804 3874 867 3913 non
879 3855 965 3913 olivis
983 3854 1104 3927 molliti,
1126 3850 1181 3914 sed
1193 3857 1226 3913 irs
1239 3853 1353 3934 grtdns

247 3934 344 3994 fronti.
387 3957 442 4016 per
463 3935 518 3996 hos
538 3941 632 4017 igitur
654 3941 805 3999 sustentus
825 3952 857 3998 et
879 3936 1018 3999 ooehleos
1041 3938 1190 3998 odemrtur
1210 3942 1298 3999 sulse
1320 3952 1354 4000 et

247 4024 381 4099 portiom
400 4026 569 4101 superiores
588 4036 618 4085 et
639 4044 777 4085 summes
798 4026 905 4105 templi
921 4033 1031 4105 portes.
1074 4034 1168 4084 totum
1183 4022 1262 4084 huno
1278 4044 1351 4104 grs-

246 4102 341 4164 duum
365 4110 473 4166 seriem
493 4108 683 4190 λαβύρινθον
706 4104 860 4193 didym
872 4110 916 4183 είς
931 4106 968 4173 roi
980 4101 1108 4193 ὖπερρῖα
1124 4114 1179 4188 τῆς
1192 4108 1352 4189 minoto·

244 4202 331 4249 rooet
345 4193 490 4272 Soylitzes
505 4214 536 4272 p.
549 4194 623 4260 804.
665 4199 805 4257 meminit
819 4206 971 4277 praetores
985 4195 1098 4255 Paulus
1113 4196 1263 4255 llieoouus
1277 4197 1298 4253 Ι.
1308 4198 1349 4257 23

244 4276 393 4337 ilistoriue
408 4280 562 4338 lsrsoellse
585 4299 726 4343 ssosnsus
749 4285 780 4341 in
796 4279 1030 4341 Geteolrurnenls
1052 4299 1107 4360 per
1121 4283 1256 4340 Aeneeru
1276 4298 1350 4359 por-
