3000 4850
243 301 295 374 80
683 299 746 368 DU
771 297 914 368 csNGu

242 481 309 543 tur,
330 476 366 526 nt
380 473 412 525 et
422 459 505 545 apud
517 460 712 524 Anutssium
724 465 800 524 bibl.
815 467 847 526 in
861 464 1054 526 Anastasiou
1066 466 1117 525 ΡΡ
1129 477 1159 527 et
1172 468 1204 528 in
1218 469 1251 532 S.
1261 467 1361 552 Sym-

242 551 364 615 macho.
406 561 479 610 sunt
497 552 580 609 enim
598 549 735 610 canthari
748 550 831 631 apud
846 553 1012 632 Ulpianum
1033 552 1115 632 (leg.
1132 552 1171 618 41
1192 549 1298 636 §2st
1319 557 1362 616 de

242 641 336 719 legat.
354 638 392 718 l)
415 655 563 718 aquarum
579 639 784 717 receptacula,
806 635 887 697 unde
912 657 1009 718 squas
1032 651 1203 717 erumpunt.
1247 641 1363 702 eadem

243 729 337 804 igitur
361 725 485 782 notione
506 720 649 799 plutum
674 723 866 803 appellarunt
892 723 1018 798 Graeci,
1049 723 1133 804 quod
1152 727 1362 808 stymphaeum

243 813 420 872 Anastasius
435 810 469 866 in
482 807 516 866 S.
529 808 635 866 Hilaro
647 810 708 868 1²1³.
748 807 834 868 idem
846 809 991 868 Paulinus
1003 811 1073 869 Nat.
1089 811 1147 876 102

408 894 644 952 incurvatus
657 893 814 953 omatibus
830 915 903 952 arec
917 893 1007 965 ridet,

409 979 492 1038 taeta
505 997 596 1056 super
610 982 708 1048 tectis,
730 989 761 1036 et
772 989 879 1058 aperta
891 977 958 1037 lesse
971 981 1082 1038 serem

396 1063 572 1148 frontibus,
592 1075 684 1144 etque
699 1064 786 1144 infru
803 1067 898 1123 ssives's
910 1065 1050 1124 redimita
1066 1063 1228 1140 colucmss5

413 1151 502 1209 eteius
516 1151 551 1208 in
564 1152 694 1227 exposito
705 1149 888 1228 praelucens
902 1151 1068 1209 cantharus
1082 1161 1191 1224 exstat,

412 1255 503 1316 quem
515 1234 683 1294 casscellctc
697 1238 770 1316 tegit
782 1255 871 1294 aerea
883 1235 1014 1294 culmisse
1028 1238 1131 1294 ocris.

413 1331 512 1378 cetera
522 1319 674 1398 disputetis
686 1331 770 1379 stant
781 1343 856 1381 vasa
872 1321 929 1380 sub
942 1322 1012 1380 ae're
1025 1321 1107 1380 ηιιᾶο

403 1404 584 1486 flosculis,
601 1417 692 1485 grato
707 1408 791 1466 varis
805 1405 915 1487 qus'bus
928 1407 1115 1482 ordussfists

414 1489 538 1550 dissidet
551 1493 628 1549 artie
641 1513 730 1570 opus,
751 1493 1002 1552 concordatum
1018 1491 1150 1562 metalli,

414 1595 536 1655 unaque
549 1575 666 1636 diverso
674 1578 756 1655 fluit
769 1599 818 1636 ore
832 1579 976 1656 capacius
989 1577 1084 1636 undu.

248 1659 390 1720 meminit
405 1659 491 1720 idem
513 1660 727 1722 Constantinus
741 1683 769 1722 c.
783 1665 824 1729 69
838 1661 959 1743 phialas
975 1682 1030 1723 seu
1046 1662 1149 1722 balnei
1162 1660 1296 1719 Venetae
1309 1659 1363 1716 fa·

249 1748 374 1821 ctionis,
399 1757 431 1808 et
449 1748 573 1807 alterius
593 1746 715 1828 phialae
729 1751 873 1809 Prasinae
887 1749 1042 1824 factionis,
1066 1759 1097 1806 et
1108 1747 1163 1806 lib.
1180 1743 1218 1804 de
1231 1742 1362 1804 Admin.

246 1834 324 1913 imp.
339 1851 365 1891 c.
378 1831 420 1897 51
438 1834 499 1893 loci
513 1827 626 1909 φιάλας
638 1831 725 1910 dicti,
747 1836 781 1893 in
797 1853 857 1914 qno
870 1831 982 1894 iudicia
995 1837 1074 1894 inter
1086 1833 1215 1910 remiges
1232 1849 1363 1888 exerce-

246 1919 374 1993 bantur3
395 1917 478 1978 unde
498 1920 582 1978 illius
601 1918 698 1979 iudex
719 1921 889 2000 praefectus
909 1918 1029 2000 phislae
1050 1918 1252 1991 vocitabatur,
1273 1917 1362 1974 illius

247 2005 326 2064 forte
339 2023 431 2084 quam
443 2002 650 2085 Theophanes
665 2025 698 2086 p·
709 2010 772 2072 807
787 2017 817 2065 et
834 2003 987 2064 cedrenus
999 2026 1031 2086 p·
1045 2005 1109 2070 442
1127 2025 1145 2064 a
1161 2001 1362 2062 libinotmeto

248 2092 414 2149 excitatam
428 2091 522 2150 fuisso
534 2091 668 2151 scribunt
683 2091 727 2164 εἰς
739 2087 774 2154 sd
787 2095 940 2154 τελεῖσθαι
952 2090 1016 2154 ἐκεῖ
1028 2088 1234 2168 σαξοδέξιμον.
1266 2084 1362 2146 huius

247 2179 342 2234 etism
361 2179 477 2235 mentio
498 2187 544 2235 est
563 2175 645 2256 apud
665 2179 801 2236 Leonem
823 2177 1061 2235 Grammaticum
1079 2179 1112 2234 in
1131 2171 1305 2252 Theophila
1327 2182 1362 2231 et

247 2261 429 2338 Gregorium
449 2264 481 2319 in
501 2263 565 2320 vita
586 2262 620 2321 S.
643 2263 751 2321 Basilii
772 2263 901 2322 Iunioris
923 2281 955 2322 n.
975 2263 1028 2326 88.
1071 2272 1102 2320 st
1116 2257 1219 2340 phiala
1237 2258 1362 2337 proprie

249 2343 361 2404 dicitur
381 2356 479 2405 totum
499 2344 579 2404 illud
600 2344 772 2406 aedificium
793 2366 853 2429 quo
879 2348 1054 2428 cingebatur
1068 2357 1097 2406 at
1111 2346 1268 2426 tegebatur
1284 2361 1363 2402 can-

249 2430 355 2492 tharus
372 2434 438 2512 ipse
454 2452 510 2491 seu
523 2450 672 2535 spuerum
686 2436 925 2513 receptaculum,
948 2432 1031 2516 quod
1044 2430 1078 2497 td
1091 2432 1226 2512 ἔμβαὸον
1240 2428 1291 2491 καὶ
1306 2424 1363 2491 τὸν
1479 2462 1480 2521 3

247 2516 395 2597 πυθμένα
417 2521 473 2595 τῆς
495 2523 610 2598 psalm
631 2530 720 2578 vocat
741 2517 824 2578 idem
847 2520 1077 2595 Constantinus,
1100 2511 1234 2598 ἐμβάτην
1250 2512 1362 2574 Theo·
1479 2546 1480 2599 3

248 2600 366 2683 phones
391 2613 422 2661 et
441 2601 679 2682 Euchologium,
699 2607 733 2665 in
757 2623 817 2686 quo
838 2616 868 2664 et
885 2607 1066 2686 κολυμβεῖον
1082 2612 1281 2682 nuncupatur.
1325 2602 1362 2658 iu
1479 2618 1480 2637 ¹

249 2690 345 2749 simili
364 2688 448 2747 labro
470 2691 614 2767 scriptum
626 2692 702 2749 olim
713 2693 836 2751 verium
848 2689 930 2751 hunc
942 2690 1167 2769 retrogradum,
1191 2690 1243 2769 qui
1261 2684 1364 2744 habe-

249 2784 301 2833 tur
320 2776 354 2832 in
374 2771 577 2853 Autbolcgia,
600 2774 682 2856 apud
704 2778 865 2836 Gruterum
884 2787 914 2835 et
929 2779 1022 2852 alios,
1045 2778 1146 2849 aiunt,
1167 2776 1264 2851 νίψον
1283 2764 1363 2833 dvo-

251 2855 377 2941 μήματα
390 2855 434 2938 μή
446 2858 547 2937 μόναν
560 2856 645 2937 ὄψιν.
681 2865 795 2942 quippe
810 2860 916 2922 fideles
929 2864 1106 2943 priusquam
1123 2857 1230 2919 aedem
1243 2876 1363 2917 sacram

250 2942 495 3023 ingrederentur,
518 2948 605 3026 aquis
618 2949 701 3022 istis,
724 2968 802 3028 quae
818 2967 835 3006 a
849 2948 1003 3007 sacerdote
1019 2943 1288 3019 benedicebantur,
1309 2943 1362 3001 fa-

250 3032 313 3091 cies
326 3041 357 3090 et
368 3050 478 3089 manus
490 3032 643 3092 lavabant.
686 3031 758 3092 hinc
771 3034 916 3093 Paulinus
933 3032 971 3092 ad
985 3035 1150 3094 Severum:

416 3128 525 3175 sancta
537 3120 636 3177 nitens
642 3117 780 3198 sauuds's
793 3120 929 3177 interluit
940 3121 1021 3177 atrab
1033 3116 1165 3197 hmplss's

415 3202 594 3275 canthum,
615 3206 843 3285 intramumqus
855 3226 965 3263 nunus
979 3204 1067 3263 lavat
1077 3222 1167 3262 amne
1178 3200 1326 3258 massis-c.

251 3294 342 3365 atque
355 3282 415 3344 bae
427 3286 559 3347 sontium
572 3307 669 3369 aquae
683 3293 846 3369 quotannis
859 3294 892 3349 in
908 3292 1067 3371 pervigilio
1083 3304 1238 3349 sacrorum
1252 3282 1364 3344 Theo-

250 3368 450 3449 phaniorum,
472 3371 625 3433 interdum
640 3377 674 3432 in
689 3378 756 3455 ipso
771 3377 849 3435 sesto
867 3374 932 3452 die,
955 3375 1205 3435 consecrabantur
1219 3382 1248 3429 et
1263 3370 1363 3428 bene-

250 3454 445 3532 dicebantur3
468 3476 597 3537 quarum
620 3460 839 3521 benedictionis
860 3460 934 3523 crdo
954 3460 1083 3521 babetur
1100 3463 1132 3519 in
1150 3455 1361 3535 Eucbologiot

250 3538 333 3600 unde
346 3536 448 3604 νόσων
460 3537 665 3619 dcslocsssul,
682 3541 838 3627 δαιμόνων
851 3548 1070 3630 pvyudeossnui
1080 3543 1161 3626 opud
1172 3544 1363 3603 clementem

249 3628 284 3686 in
300 3627 426 3687 Constit.
442 3630 564 3707 Apost,
588 3628 746 3712 lupcesso's
758 3636 867 3713 ψυχῶν
883 3632 935 3696 sal
949 3626 1115 3714 σωμάτων,
1138 3630 1211 3689 alibi
1226 3626 1363 3707 ἁμαρτη-

149 3724 155 3736 ”
250 3709 356 3793 μάτων
380 3707 544 3794 λυτήριον,
566 3727 623 3774 etc.
656 3719 689 3775 in
713 3716 822 3777 eodem
843 3717 1031 3798 lluchologio
1058 3716 1208 3776 dicuntur.
1251 3711 1363 3771 harum

248 3798 318 3857 loco
342 3818 527 3875 successere,
554 3805 731 3880 praesertim
755 3802 837 3883 apud
861 3808 1003 3879 Latinos,
1026 3823 1103 3886 quse
1126 3804 1157 3861 in
1179 3800 1363 3881 templorum

248 3882 346 3942 salsis
367 3888 481 3963 exponi
499 3887 597 3945 solent
618 3890 758 3948 lustrales
778 3889 892 3966 undae,
914 3894 959 3950 uti
977 3893 1031 3970 qui
1046 3889 1083 3948 ds
1098 3887 1204 3947 ritibus
1218 3886 1363 3947 ecclesia·

250 3970 334 4028 sticis
357 3972 503 4049 scripsere
530 3970 650 4053 pridem
670 3973 847 4035 docuerunt.
892 3980 1046 4035 enimvero
1070 3972 1152 4056 quod
1170 3970 1362 4033 Silentiasius

251 4052 291 4113 de
309 4066 455 4133 perpetuo
477 4076 625 4137 aquatum
644 4057 817 4139 Sophianae
836 4059 958 4141 phialae
976 4062 1123 4119 miraculo
1140 4059 1257 4133 subdit,
1280 4070 1311 4119 et
1327 4072 1362 4120 ut

249 4140 284 4196 in
309 4142 469 4219 pervigilio
498 4147 576 4202 sacri
594 4145 682 4217 festi,
708 4166 815 4205 mense
839 4166 931 4227 quem
950 4148 1155 4228 χρυσοχίτωνα
1176 4156 1279 4221 vocat,
1308 4166 1363 4205 eae

251 4227 383 4285 vasculis
403 4224 530 4289 hsustse
554 4240 585 4289 et
604 4250 623 4289 a
640 4229 729 4309 plebe
748 4222 919 4292 Cht‘istians
938 4231 1063 4291 domum
1076 4243 1244 4313 asportatae
1261 4236 1363 4291 incor-

146 4313 169 4370 t
187 4317 240 4374 540
255 4320 362 4391 ruptas
383 4325 541 4375 mmerent
564 4316 712 4398 nulloque
732 4321 954 4401 corriperentur
972 4336 1096 4379 mucore
1120 4319 1169 4379 sel
1193 4316 1363 4400 putredine,
