<?xml version="1.0" encoding="UTF-8"?>
<!DOCTYPE html PUBLIC "-//W3C//DTD XHTML 1.0 Transitional//EN"
    "http://www.w3.org/TR/xhtml1/DTD/xhtml1-transitional.dtd">
<html xmlns="http://www.w3.org/1999/xhtml" xml:lang="en" lang="en">
 <head>
  <title>
</title>
<meta http-equiv="Content-Type" content="text/html;charset=utf-8" />
  <meta name='ocr-system' content='tesseract 3.04.00' />
  <meta name='ocr-capabilities' content='ocr_page ocr_carea ocr_par ocr_line ocrx_word'/>
</head>
<body>
  <div class='ocr_page' id='page_1' title='image "./corpusscriptoru37niebgoog_0437.png"; bbox 0 0 3000 4850; ppageno 0'>
   <div class='ocr_carea' id='block_1_1' title="bbox 307 309 1264 390">
    <p class='ocr_par' dir='ltr' id='par_1_1' title="bbox 307 309 1264 390">
     <span class='ocr_line' id='line_1_1' title="bbox 307 309 1264 390; baseline 0.008 -10"><span class='ocrx_word' id='word_1_1' title='bbox 307 310 369 380; x_wconf 80' lang='lat' dir='ltr'>DE</span> <span class='ocrx_word' id='word_1_2' title='bbox 391 310 529 381; x_wconf 79' lang='lat' dir='ltr'>REBUS</span> <span class='ocrx_word' id='word_1_3' title='bbox 553 311 665 382; x_wconf 86' lang='lat' dir='ltr'><strong>POST</strong></span> <span class='ocrx_word' id='word_1_4' title='bbox 689 309 932 390; x_wconf 71' lang='lat' dir='ltr'>Mtuuuuuu</span> <span class='ocrx_word' id='word_1_5' title='bbox 948 313 1109 385; x_wconf 77' lang='lat' dir='ltr'>,GESTlS-</span> <span class='ocrx_word' id='word_1_6' title='bbox 1215 316 1264 388; x_wconf 78' lang='lat'>17</span> 
     </span>
    </p>
   </div>
   <div class='ocr_carea' id='block_1_2' title="bbox 107 476 1299 2850">
    <p class='ocr_par' dir='ltr' id='par_1_2' title="bbox 107 476 1299 2850">
     <span class='ocr_line' id='line_1_2' title="bbox 154 476 1263 572; baseline 0.005 -22"><span class='ocrx_word' id='word_1_7' title='bbox 154 478 283 569; x_wconf 78' lang='grc' dir='ltr'><em>ζαπίων</em></span> <span class='ocrx_word' id='word_1_8' title='bbox 303 476 449 572; x_wconf 76' lang='grc' dir='ltr'><em>ίεράρχης</em></span> <span class='ocrx_word' id='word_1_9' title='bbox 462 479 642 572; x_wconf 82' lang='grc' dir='ltr'><em>γράμμασιν</em></span> <span class='ocrx_word' id='word_1_10' title='bbox 656 482 754 553; x_wconf 82' lang='grc' dir='ltr'><em>αι’πδν</em></span> <span class='ocrx_word' id='word_1_11' title='bbox 769 489 908 572; x_wconf 78' lang='grc' dir='ltr'><em>λιπαρῶς</em></span> <span class='ocrx_word' id='word_1_12' title='bbox 923 487 1091 571; x_wconf 75' lang='grc' dir='ltr'><em>ίγκείμενος</em></span> <span class='ocrx_word' id='word_1_13' title='bbox 1109 485 1263 556; x_wconf 71' lang='grc' dir='ltr'><em>ἐνουθέτει</em></span> 
     </span>
     <span class='ocr_line' id='line_1_3' title="bbox 154 585 1261 679; baseline 0.002 -23"><span class='ocrx_word' id='word_1_14' title='bbox 154 589 211 674; x_wconf 82' lang='grc' dir='ltr'>τὴν</span> <span class='ocrx_word' id='word_1_15' title='bbox 223 588 302 676; x_wconf 86' lang='grc' dir='ltr'><em>πρδς</em></span> <span class='ocrx_word' id='word_1_16' title='bbox 315 589 353 654; x_wconf 80' lang='lat' dir='ltr'>ad</span> <span class='ocrx_word' id='word_1_17' title='bbox 363 586 487 672; x_wconf 83' lang='grc' dir='ltr'><em>γάναισν</em></span> <span class='ocrx_word' id='word_1_18' title='bbox 502 595 592 654; x_wconf 78' lang='grc' dir='ltr'><em>τοῦτο</em></span> <span class='ocrx_word' id='word_1_19' title='bbox 606 590 764 654; x_wconf 75' lang='grc' dir='ltr'><em>κοινωνίαν</em></span> <span class='ocrx_word' id='word_1_20' title='bbox 777 585 962 672; x_wconf 69' lang='grc' dir='ltr'><em>ἀνήνασθαι.</em></span> <span class='ocrx_word' id='word_1_21' title='bbox 998 586 1015 654; x_wconf 85' lang='grc' dir='ltr'><em>δ</em></span> <span class='ocrx_word' id='word_1_22' title='bbox 1033 592 1069 656; x_wconf 79' lang='grc' dir='ltr'>δέ</span> <span class='ocrx_word' id='word_1_23' title='bbox 1085 589 1169 679; x_wconf 70' lang='grc' dir='ltr'><em>αὐτῷ</em></span> <span class='ocrx_word' id='word_1_24' title='bbox 1185 590 1261 658; x_wconf 83' lang='grc' dir='ltr'><em>άπε-</em></span> 
     </span>
     <span class='ocr_line' id='line_1_4' title="bbox 154 685 1261 782; baseline 0 -22"><span class='ocrx_word' id='word_1_25' title='bbox 154 697 271 778; x_wconf 81' lang='grc' dir='ltr'><em>λογεῖτο</em></span> <span class='ocrx_word' id='word_1_26' title='bbox 287 687 330 769; x_wconf 79' lang='grc' dir='ltr'><em>ὥς</em></span> <span class='ocrx_word' id='word_1_27' title='bbox 342 685 375 756; x_wconf 72' lang='grc' dir='ltr'>εὖ</span> <span class='ocrx_word' id='word_1_28' title='bbox 387 692 444 773; x_wconf 80' lang='grc' dir='ltr'>μέν</span> <span class='ocrx_word' id='word_1_29' title='bbox 458 689 520 774; x_wconf 71' lang='grc' dir='ltr'><em>ἔχοι</em></span> <span class='ocrx_word' id='word_1_30' title='bbox 534 691 574 756; x_wconf 76' lang='lat' dir='ltr'>sd</span> <span class='ocrx_word' id='word_1_31' title='bbox 588 692 675 777; x_wconf 77' lang='grc' dir='ltr'><em>παρὰ</em></span> <span class='ocrx_word' id='word_1_32' title='bbox 689 693 739 758; x_wconf 76' lang='grc' dir='ltr'>σοὶ</span> <span class='ocrx_word' id='word_1_33' title='bbox 751 689 915 777; x_wconf 86' lang='grc' dir='ltr'><em>λεγόμενα·</em></span> <span class='ocrx_word' id='word_1_34' title='bbox 942 689 960 758; x_wconf 83' lang='grc' dir='ltr'><em>δ</em></span> <span class='ocrx_word' id='word_1_35' title='bbox 973 691 1032 780; x_wconf 87' lang='grc' dir='ltr'>γάρ</span> <span class='ocrx_word' id='word_1_36' title='bbox 1049 717 1097 760; x_wconf 90' lang='grc' dir='ltr'>σοι</span> <span class='ocrx_word' id='word_1_37' title='bbox 1109 695 1201 782; x_wconf 80' lang='grc' dir='ltr'><em>χρέος</em></span> <span class='ocrx_word' id='word_1_38' title='bbox 1217 691 1261 776; x_wconf 80' lang='grc' dir='ltr'><em>ὥς</em></span> 
     </span>
     <span class='ocr_line' id='line_1_5' title="bbox 155 791 1259 884; baseline 0.008 -24"><span class='ocrx_word' id='word_1_39' title='bbox 155 796 357 884; x_wconf 75' lang='grc' dir='ltr'><em>ἆρχιερεῖκαὶ</em></span> <span class='ocrx_word' id='word_1_40' title='bbox 373 796 471 881; x_wconf 79' lang='grc' dir='ltr'><em>φίλῳ,</em></span> <span class='ocrx_word' id='word_1_41' title='bbox 495 791 557 878; x_wconf 80' lang='grc' dir='ltr'>ἤδη</span> <span class='ocrx_word' id='word_1_42' title='bbox 573 793 786 874; x_wconf 74' lang='grc' dir='ltr'>ἀποδέδωκας·</span> <span class='ocrx_word' id='word_1_43' title='bbox 819 793 873 883; x_wconf 65' lang='grc' dir='ltr'>ἐφ’</span> <span class='ocrx_word' id='word_1_44' title='bbox 891 791 965 880; x_wconf 75' lang='grc' dir='ltr'><em>ἡμῖν</em></span> <span class='ocrx_word' id='word_1_45' title='bbox 983 796 1017 862; x_wconf 74' lang='grc' dir='ltr'>δέ</span> <span class='ocrx_word' id='word_1_46' title='bbox 1029 800 1065 862; x_wconf 74' lang='lat' dir='ltr'>td</span> <span class='ocrx_word' id='word_1_47' title='bbox 1079 796 1184 862; x_wconf 78' lang='grc' dir='ltr'><em>λοιπὸν</em></span> <span class='ocrx_word' id='word_1_48' title='bbox 1197 801 1259 868; x_wconf 54' lang='grc' dir='ltr'><em>κείν</em></span> 
     </span>
     <span class='ocr_line' id='line_1_6' title="bbox 127 893 1260 986; baseline -0.002 -18"><span class='ocrx_word' id='word_1_49' title='bbox 127 913 239 968; x_wconf 64' lang='lat' dir='ltr'>dorm</span> <span class='ocrx_word' id='word_1_50' title='bbox 252 898 292 966; x_wconf 79' lang='grc' dir='ltr'><em>τά</em></span> <span class='ocrx_word' id='word_1_51' title='bbox 308 905 364 982; x_wconf 77' lang='grc' dir='ltr'>τῆς</span> <span class='ocrx_word' id='word_1_52' title='bbox 375 895 525 985; x_wconf 82' lang='grc' dir='ltr'><em>πράξεως.</em></span> <span class='ocrx_word' id='word_1_53' title='bbox 564 898 644 964; x_wconf 79' lang='grc' dir='ltr'><em>κατὰ</em></span> <span class='ocrx_word' id='word_1_54' title='bbox 661 899 695 965; x_wconf 69' lang='grc' dir='ltr'>δι’</span> <span class='ocrx_word' id='word_1_55' title='bbox 707 898 763 966; x_wconf 91' lang='grc' dir='ltr'>τδν</span> <span class='ocrx_word' id='word_1_56' title='bbox 776 893 871 966; x_wconf 58' lang='lat' dir='ltr'>odida*</span> <span class='ocrx_word' id='word_1_57' title='bbox 884 897 992 984; x_wconf 83' lang='grc' dir='ltr'><em>καιρὸν</em></span> <span class='ocrx_word' id='word_1_58' title='bbox 1008 897 1260 986; x_wconf 85' lang='grc' dir='ltr'><em>διεπιπράσκοντο</em></span> 
     </span>
     <span class='ocr_line' id='line_1_7' title="bbox 152 998 1261 1092; baseline 0.001 -23"><span class='ocrx_word' id='word_1_59' title='bbox 152 1002 195 1069; x_wconf 81' lang='grc' dir='ltr'>ἐδ</span> <span class='ocrx_word' id='word_1_60' title='bbox 207 1009 269 1068; x_wconf 82' lang='grc' dir='ltr'>τῶν</span> <span class='ocrx_word' id='word_1_61' title='bbox 279 1005 446 1085; x_wconf 78' lang='grc' dir='ltr'><strong><em>ἐκκλησιῶν</em></strong></span> <span class='ocrx_word' id='word_1_62' title='bbox 458 998 613 1086; x_wconf 76' lang='grc' dir='ltr'><em>κειμήλια,</em></span> <span class='ocrx_word' id='word_1_63' title='bbox 636 1005 689 1070; x_wconf 84' lang='grc' dir='ltr'>καλ</span> <span class='ocrx_word' id='word_1_64' title='bbox 703 1005 746 1082; x_wconf 80' lang='grc' dir='ltr'><em>εἲς</em></span> <span class='ocrx_word' id='word_1_65' title='bbox 760 1001 925 1089; x_wconf 83' lang='grc' dir='ltr'><em>ἀπαγωγὴν</em></span> <span class='ocrx_word' id='word_1_66' title='bbox 942 999 1041 1092; x_wconf 83' lang='grc' dir='ltr'><em>φόρον</em></span> <span class='ocrx_word' id='word_1_67' title='bbox 1058 1012 1122 1082; x_wconf 82' lang='grc' dir='ltr'><em>τοῖς</em></span> <span class='ocrx_word' id='word_1_68' title='bbox 1133 1002 1261 1092; x_wconf 76' lang='grc' dir='ltr'><em>βαρβά-</em></span> 
     </span>
     <span class='ocr_line' id='line_1_8' title="bbox 154 1103 414 1194; baseline 0.019 -9"><span class='ocrx_word' id='word_1_69' title='bbox 154 1130 222 1194; x_wconf 74' lang='lat' dir='ltr'>ovo</span> <span class='ocrx_word' id='word_1_70' title='bbox 235 1103 414 1190; x_wconf 66' lang='grc' dir='ltr'><em>έξενεεήθο·</em></span> 
     </span>
     <span class='ocr_line' id='line_1_9' title="bbox 256 1199 1260 1296; baseline 0 -21"><span class='ocrx_word' id='word_1_71' title='bbox 256 1202 364 1286; x_wconf 68' lang='grc' dir='ltr'><em>Αὖθις</em></span> <span class='ocrx_word' id='word_1_72' title='bbox 385 1199 440 1276; x_wconf 73' lang='grc' dir='ltr'><em>σάν</em></span> <span class='ocrx_word' id='word_1_73' title='bbox 463 1204 669 1294; x_wconf 81' lang='grc' dir='ltr'><em>έπιστρατεδει</em></span> <span class='ocrx_word' id='word_1_74' title='bbox 684 1206 833 1296; x_wconf 85' lang='grc' dir='ltr'><em>Χοσράης</em></span> <span class='ocrx_word' id='word_1_75' title='bbox 855 1205 872 1273; x_wconf 82' lang='grc' dir='ltr'><strong>ὅ</strong></span> <span class='ocrx_word' id='word_1_76' title='bbox 889 1213 952 1274; x_wconf 82' lang='grc' dir='ltr'>τῶν</span> <span class='ocrx_word' id='word_1_77' title='bbox 966 1209 1099 1296; x_wconf 85' lang='grc' dir='ltr'><em>Περσῶν</em></span> <span class='ocrx_word' id='word_1_78' title='bbox 1112 1207 1260 1292; x_wconf 72' lang='grc' dir='ltr'><em>βασιλείας</em></span> 
     </span>
     <span class='ocr_line' id='line_1_10' title="bbox 153 1307 1261 1400; baseline 0.002 -23"><span class='ocrx_word' id='word_1_79' title='bbox 153 1309 235 1379; x_wconf 88' lang='grc' dir='ltr'><em>κατδ</em></span> <span class='ocrx_word' id='word_1_80' title='bbox 247 1307 417 1396; x_wconf 81' lang='grc' dir='ltr'><em>Ῥωμαίων,</em></span> <span class='ocrx_word' id='word_1_81' title='bbox 441 1309 609 1399; x_wconf 79' lang='grc' dir='ltr'><em>Σάρβαρον</em></span> <span class='ocrx_word' id='word_1_82' title='bbox 622 1308 792 1397; x_wconf 74' lang='grc' dir='ltr'><em>ἡγούμενον</em></span> <span class='ocrx_word' id='word_1_83' title='bbox 806 1318 862 1396; x_wconf 80' lang='grc' dir='ltr'>τῆς</span> <span class='ocrx_word' id='word_1_84' title='bbox 877 1318 1024 1400; x_wconf 84' lang='grc' dir='ltr'><em>στρατιᾶς</em></span> <span class='ocrx_word' id='word_1_85' title='bbox 1036 1313 1204 1397; x_wconf 71' lang='grc' dir='ltr'><em>ἐκπέμψας,</em></span> <span class='ocrx_word' id='word_1_86' title='bbox 1226 1310 1261 1390; x_wconf 80' lang='grc' dir='ltr'><em>ὃς</em></span> 
     </span>
     <span class='ocr_line' id='line_1_11' title="bbox 111 1411 1259 1503; baseline -0.006 -16"><span class='ocrx_word' id='word_1_87' title='bbox 111 1411 303 1502; x_wconf 80' lang='grc' dir='ltr'><em>1οκατεδῄοο</em></span> <span class='ocrx_word' id='word_1_88' title='bbox 324 1415 502 1500; x_wconf 79' lang='grc' dir='ltr'><em>πᾶσαν-τὴν</em></span> <span class='ocrx_word' id='word_1_89' title='bbox 520 1415 703 1500; x_wconf 74' lang='grc' dir='ltr'>ἀνατολικὴν</span> <span class='ocrx_word' id='word_1_90' title='bbox 719 1412 837 1503; x_wconf 79' lang='grc' dir='ltr'><em>χώραν.</em></span> <span class='ocrx_word' id='word_1_91' title='bbox 888 1414 1118 1498; x_wconf 77' lang='grc' dir='ltr'><em>καταλαμβάνει</em></span> <span class='ocrx_word' id='word_1_92' title='bbox 1140 1416 1176 1481; x_wconf 77' lang='grc' dir='ltr'>δὲ</span> <span class='ocrx_word' id='word_1_93' title='bbox 1197 1422 1259 1481; x_wconf 81' lang='grc' dir='ltr'>τῶν</span> 
     </span>
     <span class='ocr_line' id='line_1_12' title="bbox 153 1515 1299 1608; baseline 0.001 -25"><span class='ocrx_word' id='word_1_94' title='bbox 153 1515 248 1605; x_wconf 72' lang='grc' dir='ltr'><em>δγίων</em></span> <span class='ocrx_word' id='word_1_95' title='bbox 261 1516 362 1584; x_wconf 80' lang='grc' dir='ltr'><em>τόπων</em></span> <span class='ocrx_word' id='word_1_96' title='bbox 374 1518 415 1584; x_wconf 83' lang='grc' dir='ltr'><em>τδ</em></span> <span class='ocrx_word' id='word_1_97' title='bbox 430 1518 562 1604; x_wconf 81' lang='grc' dir='ltr'><em>ζῳοποιδ</em></span> <span class='ocrx_word' id='word_1_98' title='bbox 576 1516 653 1596; x_wconf 87' lang='grc' dir='ltr'><em>ξάλα</em></span> <span class='ocrx_word' id='word_1_99' title='bbox 666 1525 723 1586; x_wconf 80' lang='grc' dir='ltr'><em>τοῦ</em></span> <span class='ocrx_word' id='word_1_100' title='bbox 737 1521 889 1608; x_wconf 80' lang='grc' dir='ltr'><em>σωτηρίου</em></span> <span class='ocrx_word' id='word_1_101' title='bbox 911 1526 1046 1607; x_wconf 81' lang='grc' dir='ltr'><em>σταυροῦ</em></span> <span class='ocrx_word' id='word_1_102' title='bbox 1051 1566 1062 1600; x_wconf 91' lang='grc'><em>,</em></span> <span class='ocrx_word' id='word_1_103' title='bbox 1088 1519 1257 1586; x_wconf 66' lang='lat' dir='ltr'>Mediocre</span> <span class='ocrx_word' id='word_1_104' title='bbox 1274 1537 1299 1596; x_wconf 77' lang='lat' dir='ltr'>n</span> 
     </span>
     <span class='ocr_line' id='line_1_13' title="bbox 151 1618 1260 1709; baseline 0.002 -23"><span class='ocrx_word' id='word_1_105' title='bbox 151 1628 319 1706; x_wconf 78' lang='grc' dir='ltr'><em>τηνικαῦτα</em></span> <span class='ocrx_word' id='word_1_106' title='bbox 337 1618 556 1709; x_wconf 74' lang='grc' dir='ltr'><em>Ἱεροσολύμων</em></span> <span class='ocrx_word' id='word_1_107' title='bbox 578 1619 823 1708; x_wconf 84' lang='grc' dir='ltr'><em>προεδρεάοντος.</em></span> <span class='ocrx_word' id='word_1_108' title='bbox 887 1620 1145 1709; x_wconf 84' lang='grc' dir='ltr'><em>παρεσκευάζοντο</em></span> <span class='ocrx_word' id='word_1_109' title='bbox 1170 1623 1205 1688; x_wconf 78' lang='grc' dir='ltr'>δὲ</span> <span class='ocrx_word' id='word_1_110' title='bbox 1229 1621 1260 1688; x_wconf 81' lang='lat' dir='ltr'>ol</span> 
     </span>
     <span class='ocr_line' id='line_1_14' title="bbox 151 1717 1260 1812; baseline -0.001 -21"><span class='ocrx_word' id='word_1_111' title='bbox 151 1726 276 1812; x_wconf 87' lang='grc' dir='ltr'><em>Πέρσαι</em></span> <span class='ocrx_word' id='word_1_112' title='bbox 288 1725 342 1790; x_wconf 77' lang='grc' dir='ltr'>καὶ</span> <span class='ocrx_word' id='word_1_113' title='bbox 358 1717 516 1810; x_wconf 74' lang='grc' dir='ltr'><em>ἠπείγοντο</em></span> <span class='ocrx_word' id='word_1_114' title='bbox 529 1725 638 1810; x_wconf 79' lang='grc' dir='ltr'><em>μέχρις</em></span> <span class='ocrx_word' id='word_1_115' title='bbox 651 1726 753 1792; x_wconf 65' lang='lat' dir='ltr'>ltere</span> <span class='ocrx_word' id='word_1_116' title='bbox 771 1729 814 1804; x_wconf 79' lang='grc' dir='ltr'><em>εἰς</em></span> <span class='ocrx_word' id='word_1_117' title='bbox 829 1722 1027 1810; x_wconf 72' lang='grc' dir='ltr'><em>Καλχηδόνα</em></span> <span class='ocrx_word' id='word_1_118' title='bbox 1057 1722 1074 1791; x_wconf 85' lang='grc' dir='ltr'><em>δ</em></span> <span class='ocrx_word' id='word_1_119' title='bbox 1091 1718 1145 1792; x_wconf 69' lang='grc' dir='ltr'><em>οἷον</em></span> <span class='ocrx_word' id='word_1_120' title='bbox 1156 1721 1260 1812; x_wconf 62' lang='grc' dir='ltr'><em>Ἡράε·</em></span> 
     </span>
     <span class='ocr_line' id='line_1_15' title="bbox 153 1825 1259 1918; baseline -0.002 -24"><span class='ocrx_word' id='word_1_121' title='bbox 153 1833 254 1906; x_wconf 81' lang='grc' dir='ltr'><em>κλειος</em></span> <span class='ocrx_word' id='word_1_122' title='bbox 273 1827 307 1894; x_wconf 76' lang='grc' dir='ltr'><em>ίκ</em></span> <span class='ocrx_word' id='word_1_123' title='bbox 328 1853 362 1894; x_wconf 85' lang='grc' dir='ltr'><em>τε</em></span> <span class='ocrx_word' id='word_1_124' title='bbox 376 1831 510 1915; x_wconf 81' lang='grc' dir='ltr'><em>Περσῶν</em></span> <span class='ocrx_word' id='word_1_125' title='bbox 530 1831 582 1894; x_wconf 78' lang='grc' dir='ltr'>καὶ</span> <span class='ocrx_word' id='word_1_126' title='bbox 593 1828 734 1915; x_wconf 76' lang='grc' dir='ltr'><em>Ἀβάρων</em></span> <span class='ocrx_word' id='word_1_127' title='bbox 747 1827 983 1915; x_wconf 70' lang='grc' dir='ltr'><em>θορυβούμενος</em></span> <span class='ocrx_word' id='word_1_128' title='bbox 987 1875 999 1907; x_wconf 94' lang='grc'><em>,</em></span> <span class='ocrx_word' id='word_1_129' title='bbox 1025 1825 1092 1910; x_wconf 80' lang='grc' dir='ltr'>ἅμα</span> <span class='ocrx_word' id='word_1_130' title='bbox 1107 1829 1160 1896; x_wconf 82' lang='grc' dir='ltr'>καλ</span> <span class='ocrx_word' id='word_1_131' title='bbox 1177 1834 1259 1918; x_wconf 79' lang='grc' dir='ltr'><em>λιμῷ</em></span> 
     </span>
     <span class='ocr_line' id='line_1_16' title="bbox 110 1928 1258 2022; baseline -0.001 -26"><span class='ocrx_word' id='word_1_132' title='bbox 110 1931 328 2016; x_wconf 64' lang='grc' dir='ltr'><em>ιόπιεζομίνης</em></span> <span class='ocrx_word' id='word_1_133' title='bbox 343 1938 399 2016; x_wconf 83' lang='grc' dir='ltr'>τῆς</span> <span class='ocrx_word' id='word_1_134' title='bbox 412 1928 584 2015; x_wconf 74' lang='grc' dir='ltr'><em>Ῥωμαὶκῆς</em></span> <span class='ocrx_word' id='word_1_135' title='bbox 599 1934 753 2009; x_wconf 72' lang='grc' dir='ltr'><em>πολιτείας</em></span> <span class='ocrx_word' id='word_1_136' title='bbox 765 1935 817 1998; x_wconf 80' lang='grc' dir='ltr'>καί</span> <span class='ocrx_word' id='word_1_137' title='bbox 838 1937 966 2022; x_wconf 77' lang='grc' dir='ltr'><em>λοιμικῷ</em></span> <span class='ocrx_word' id='word_1_138' title='bbox 980 1928 1108 2019; x_wconf 70' lang='grc' dir='ltr'><em>θανάτῳ</em></span> <span class='ocrx_word' id='word_1_139' title='bbox 1124 1938 1258 2019; x_wconf 76' lang='grc' dir='ltr'><em>φθειρο-</em></span> 
     </span>
     <span class='ocr_line' id='line_1_17' title="bbox 150 2031 1258 2123; baseline -0.002 -21"><span class='ocrx_word' id='word_1_140' title='bbox 150 2036 265 2120; x_wconf 83' lang='grc' dir='ltr'><em>μένης,</em></span> <span class='ocrx_word' id='word_1_141' title='bbox 287 2040 503 2123; x_wconf 75' lang='grc' dir='ltr'><em>προσεκαλεῖτο</em></span> <span class='ocrx_word' id='word_1_142' title='bbox 515 2031 642 2122; x_wconf 81' lang='grc' dir='ltr'><em>Σέργιδν</em></span> <span class='ocrx_word' id='word_1_143' title='bbox 656 2061 689 2103; x_wconf 84' lang='grc' dir='ltr'><em>τε</em></span> <span class='ocrx_word' id='word_1_144' title='bbox 702 2034 757 2102; x_wconf 85' lang='grc' dir='ltr'>τδν</span> <span class='ocrx_word' id='word_1_145' title='bbox 772 2042 828 2120; x_wconf 82' lang='grc' dir='ltr'>τῆς</span> <span class='ocrx_word' id='word_1_146' title='bbox 841 2034 958 2113; x_wconf 87' lang='grc' dir='ltr'><em>πόλεως</em></span> <span class='ocrx_word' id='word_1_147' title='bbox 972 2033 1123 2122; x_wconf 79' lang='grc' dir='ltr'><em>πρόεδρον</em></span> <span class='ocrx_word' id='word_1_148' title='bbox 1129 2081 1140 2114; x_wconf 93' lang='grc'><em>,</em></span> <span class='ocrx_word' id='word_1_149' title='bbox 1167 2033 1211 2100; x_wconf 74' lang='grc' dir='ltr'><em>ἴτε</em></span> <span class='ocrx_word' id='word_1_150' title='bbox 1224 2059 1258 2100; x_wconf 87' lang='grc' dir='ltr'><em>τε</em></span> 
     </span>
     <span class='ocr_line' id='line_1_18' title="bbox 151 2137 1257 2227; baseline -0.003 -22"><span class='ocrx_word' id='word_1_151' title='bbox 151 2140 204 2205; x_wconf 81' lang='grc' dir='ltr'>καί</span> <span class='ocrx_word' id='word_1_152' title='bbox 226 2137 378 2226; x_wconf 78' lang='grc' dir='ltr'><em>άρχοντας</em></span> <span class='ocrx_word' id='word_1_153' title='bbox 399 2141 451 2204; x_wconf 78' lang='grc' dir='ltr'>καί</span> <span class='ocrx_word' id='word_1_154' title='bbox 474 2138 509 2206; x_wconf 86' lang='grc' dir='ltr'><em>τδ</em></span> <span class='ocrx_word' id='word_1_155' title='bbox 534 2138 641 2204; x_wconf 90' lang='grc' dir='ltr'><em>λοιπδν</em></span> <span class='ocrx_word' id='word_1_156' title='bbox 662 2146 718 2204; x_wconf 79' lang='grc' dir='ltr'><em>τοῦ</em></span> <span class='ocrx_word' id='word_1_157' title='bbox 739 2144 819 2205; x_wconf 78' lang='grc' dir='ltr'><em>λαοῦ</em></span> <span class='ocrx_word' id='word_1_158' title='bbox 832 2139 946 2227; x_wconf 85' lang='grc' dir='ltr'><em>μέρος,</em></span> <span class='ocrx_word' id='word_1_159' title='bbox 980 2139 1032 2204; x_wconf 74' lang='grc' dir='ltr'>καὶ</span> <span class='ocrx_word' id='word_1_160' title='bbox 1049 2139 1257 2225; x_wconf 76' lang='grc' dir='ltr'><em>παρατίθεται</em></span> 
     </span>
     <span class='ocr_line' id='line_1_19' title="bbox 152 2240 1258 2330; baseline -0.004 -22"><span class='ocrx_word' id='word_1_161' title='bbox 152 2241 258 2320; x_wconf 71' lang='grc' dir='ltr'><em>αὐτοῖς</em></span> <span class='ocrx_word' id='word_1_162' title='bbox 273 2241 347 2319; x_wconf 77' lang='grc' dir='ltr'><em>τοὺς</em></span> <span class='ocrx_word' id='word_1_163' title='bbox 359 2245 491 2322; x_wconf 76' lang='grc' dir='ltr'><em>παῖδας,</em></span> <span class='ocrx_word' id='word_1_164' title='bbox 517 2245 569 2308; x_wconf 78' lang='grc' dir='ltr'>καὶ</span> <span class='ocrx_word' id='word_1_165' title='bbox 583 2245 691 2308; x_wconf 85' lang='grc' dir='ltr'><em>Βῶνον</em></span> <span class='ocrx_word' id='word_1_166' title='bbox 712 2241 766 2309; x_wconf 83' lang='grc' dir='ltr'>τδν</span> <span class='ocrx_word' id='word_1_167' title='bbox 779 2244 937 2330; x_wconf 88' lang='grc' dir='ltr'><em>πατρίκισν</em></span> <span class='ocrx_word' id='word_1_168' title='bbox 956 2242 1109 2327; x_wconf 72' lang='grc' dir='ltr'><em>ἐγχειρίζει</em></span> <span class='ocrx_word' id='word_1_169' title='bbox 1124 2240 1182 2316; x_wconf 80' lang='grc' dir='ltr'>τὰς</span> <span class='ocrx_word' id='word_1_170' title='bbox 1194 2247 1258 2308; x_wconf 84' lang='grc' dir='ltr'>τῶν</span> 
     </span>
     <span class='ocr_line' id='line_1_20' title="bbox 150 2341 1256 2434; baseline -0.003 -23"><span class='ocrx_word' id='word_1_171' title='bbox 150 2341 340 2434; x_wconf 77' lang='grc' dir='ltr'><em>πραγμάτων</em></span> <span class='ocrx_word' id='word_1_172' title='bbox 353 2344 532 2432; x_wconf 78' lang='grc' dir='ltr'><em>διοικήσεις,</em></span> <span class='ocrx_word' id='word_1_173' title='bbox 549 2348 600 2411; x_wconf 85' lang='grc' dir='ltr'>καλ</span> <span class='ocrx_word' id='word_1_174' title='bbox 615 2343 741 2433; x_wconf 75' lang='grc' dir='ltr'><em>ἀπάρας</em></span> <span class='ocrx_word' id='word_1_175' title='bbox 754 2345 806 2411; x_wconf 84' lang='grc' dir='ltr'>διδ</span> <span class='ocrx_word' id='word_1_176' title='bbox 821 2353 877 2414; x_wconf 81' lang='grc' dir='ltr'><em>τοῦ</em></span> <span class='ocrx_word' id='word_1_177' title='bbox 889 2345 1032 2422; x_wconf 77' lang='grc' dir='ltr'><em>Εὐξείνου</em></span> <span class='ocrx_word' id='word_1_178' title='bbox 1048 2346 1187 2432; x_wconf 72' lang='grc' dir='ltr'><em>ἐπειρᾶτο</em></span> <span class='ocrx_word' id='word_1_179' title='bbox 1202 2343 1256 2408; x_wconf 83' lang='grc' dir='ltr'>διδ</span> 
     </span>
     <span class='ocr_line' id='line_1_21' title="bbox 107 2446 1257 2538; baseline -0.002 -23"><span class='ocrx_word' id='word_1_180' title='bbox 107 2451 295 2535; x_wconf 66' lang='grc' dir='ltr'><em>ωΛαζικῆς</em></span> <span class='ocrx_word' id='word_1_181' title='bbox 309 2452 352 2526; x_wconf 79' lang='grc' dir='ltr'><em>είς</em></span> <span class='ocrx_word' id='word_1_182' title='bbox 366 2451 423 2534; x_wconf 77' lang='grc' dir='ltr'>τὴν</span> <span class='ocrx_word' id='word_1_183' title='bbox 435 2448 594 2538; x_wconf 74' lang='grc' dir='ltr'><em>Περσικὴν</em></span> <span class='ocrx_word' id='word_1_184' title='bbox 609 2453 776 2534; x_wconf 73' lang='grc' dir='ltr'><em>εἰσβαλεῖν·</em></span> <span class='ocrx_word' id='word_1_185' title='bbox 799 2449 876 2517; x_wconf 68' lang='grc' dir='ltr'><em>καθ’</em></span> <span class='ocrx_word' id='word_1_186' title='bbox 894 2449 934 2534; x_wconf 75' lang='grc' dir='ltr'><em>ἣν</em></span> <span class='ocrx_word' id='word_1_187' title='bbox 949 2451 1079 2516; x_wconf 85' lang='grc' dir='ltr'><em>τίκτεται</em></span> <span class='ocrx_word' id='word_1_188' title='bbox 1094 2448 1177 2535; x_wconf 72' lang='grc' dir='ltr'><em>αὐτῷ</em></span> <span class='ocrx_word' id='word_1_189' title='bbox 1189 2446 1257 2525; x_wconf 73' lang='grc' dir='ltr'><em>αδδς</em></span> 
     </span>
     <span class='ocr_line' id='line_1_22' title="bbox 151 2546 1256 2641; baseline -0.002 -22"><span class='ocrx_word' id='word_1_190' title='bbox 151 2554 185 2619; x_wconf 77' lang='lat' dir='ltr'>lx</span> <span class='ocrx_word' id='word_1_191' title='bbox 200 2556 367 2641; x_wconf 83' lang='grc' dir='ltr'><em>Μαρτίνης</em></span> <span class='ocrx_word' id='word_1_192' title='bbox 379 2559 436 2637; x_wconf 85' lang='grc' dir='ltr'>τῆς</span> <span class='ocrx_word' id='word_1_193' title='bbox 449 2551 591 2638; x_wconf 78' lang='grc' dir='ltr'><em>γυναικός</em></span> <span class='ocrx_word' id='word_1_194' title='bbox 611 2552 709 2637; x_wconf 74' lang='grc' dir='ltr'><em>(μεθ’</em></span> <span class='ocrx_word' id='word_1_195' title='bbox 729 2550 842 2621; x_wconf 71' lang='grc' dir='ltr'><em>ἑαυτοῦ</em></span> <span class='ocrx_word' id='word_1_196' title='bbox 855 2553 915 2640; x_wconf 83' lang='grc' dir='ltr'>γὰρ</span> <span class='ocrx_word' id='word_1_197' title='bbox 931 2548 1046 2637; x_wconf 72' lang='grc' dir='ltr'><em>ταύτην</em></span> <span class='ocrx_word' id='word_1_198' title='bbox 1064 2550 1175 2637; x_wconf 73' lang='grc' dir='ltr'><em>ἤγετο)</em></span> <span class='ocrx_word' id='word_1_199' title='bbox 1182 2598 1193 2631; x_wconf 91' lang='grc'><em>,</em></span> <span class='ocrx_word' id='word_1_200' title='bbox 1219 2546 1256 2617; x_wconf 85' lang='grc' dir='ltr'><em>δν</em></span> 
     </span>
     <span class='ocr_line' id='line_1_23' title="bbox 150 2652 1297 2744; baseline 0.002 -23"><span class='ocrx_word' id='word_1_201' title='bbox 150 2658 202 2723; x_wconf 77' lang='grc' dir='ltr'>καί</span> <span class='ocrx_word' id='word_1_202' title='bbox 215 2652 410 2739; x_wconf 81' lang='grc' dir='ltr'><em>ίπωνίμασεν</em></span> <span class='ocrx_word' id='word_1_203' title='bbox 421 2652 614 2744; x_wconf 85' lang='grc' dir='ltr'><em>Ἡράκλειον.</em></span> <span class='ocrx_word' id='word_1_204' title='bbox 665 2658 804 2729; x_wconf 72' lang='grc' dir='ltr'><em>ἐντεῦθεν</em></span> <span class='ocrx_word' id='word_1_205' title='bbox 819 2657 996 2724; x_wconf 81' lang='grc' dir='ltr'><em>ἀποστέλλει</em></span> <span class='ocrx_word' id='word_1_206' title='bbox 1011 2658 1097 2742; x_wconf 82' lang='grc' dir='ltr'><em>δῶρα</em></span> <span class='ocrx_word' id='word_1_207' title='bbox 1111 2653 1189 2743; x_wconf 89' lang='grc' dir='ltr'><em>πρδς</em></span> <span class='ocrx_word' id='word_1_208' title='bbox 1201 2652 1255 2721; x_wconf 86' lang='grc' dir='ltr'>τὸν</span> <span class='ocrx_word' id='word_1_209' title='bbox 1271 2666 1297 2723; x_wconf 78' lang='grc'><strong>0</strong></span> 
     </span>
     <span class='ocr_line' id='line_1_24' title="bbox 150 2754 1255 2850; baseline -0.005 -23"><span class='ocrx_word' id='word_1_210' title='bbox 150 2756 301 2849; x_wconf 85' lang='grc' dir='ltr'><em>Τοάρκων</em></span> <span class='ocrx_word' id='word_1_211' title='bbox 314 2756 420 2847; x_wconf 85' lang='grc' dir='ltr'><em>κάριον</em></span> <span class='ocrx_word' id='word_1_212' title='bbox 427 2806 440 2839; x_wconf 89' lang='grc'><em>,</em></span> <span class='ocrx_word' id='word_1_213' title='bbox 464 2762 511 2825; x_wconf 78' lang='lat' dir='ltr'>lul</span> <span class='ocrx_word' id='word_1_214' title='bbox 527 2761 686 2850; x_wconf 72' lang='grc' dir='ltr'><em>συμμαχίᾳ</em></span> <span class='ocrx_word' id='word_1_215' title='bbox 700 2766 738 2845; x_wconf 83' lang='grc' dir='ltr'><em>τῇ</em></span> <span class='ocrx_word' id='word_1_216' title='bbox 754 2760 833 2826; x_wconf 78' lang='grc' dir='ltr'><em>κατὰ</em></span> <span class='ocrx_word' id='word_1_217' title='bbox 847 2762 979 2847; x_wconf 84' lang='grc' dir='ltr'><em>Περσῶν</em></span> <span class='ocrx_word' id='word_1_218' title='bbox 993 2754 1255 2845; x_wconf 72' lang='grc' dir='ltr'><em>συγκαλούμενος·</em></span> 
     </span>
    </p>
   </div>
   <div class='ocr_carea' id='block_1_3' title="bbox 218 2881 1253 3097">
    <p class='ocr_par' dir='ltr' id='par_1_3' title="bbox 218 2881 1253 3097">
     <span class='ocr_line' id='line_1_25' title="bbox 218 2881 1252 3025; baseline -0.008 -66"><span class='ocrx_word' id='word_1_219' title='bbox 218 2902 238 2959; x_wconf 79' lang='grc'><strong>8</strong></span> <span class='ocrx_word' id='word_1_220' title='bbox 262 2900 338 3025; x_wconf 65' lang='lat' dir='ltr'>iper?</span> <span class='ocrx_word' id='word_1_221' title='bbox 442 2896 677 2973; x_wconf 79' lang='grc' dir='ltr'><em>δέπαγαγήνΡ,</em></span> <span class='ocrx_word' id='word_1_222' title='bbox 698 2920 741 2970; x_wconf 89' lang='grc' dir='ltr'>γρ.</span> <span class='ocrx_word' id='word_1_223' title='bbox 760 2898 802 2955; x_wconf 79' lang='grc' dir='ltr'><em>δα</em></span> <span class='ocrx_word' id='word_1_224' title='bbox 839 2897 1037 2970; x_wconf 72' lang='grc' dir='ltr'><em>αγὴνιοσκροι</em></span> <span class='ocrx_word' id='word_1_225' title='bbox 1057 2881 1200 2969; x_wconf 57' lang='lat' dir='ltr'>cflpsse</span> <span class='ocrx_word' id='word_1_226' title='bbox 1223 2899 1252 2951; x_wconf 91' lang='lat' dir='ltr'>b.</span> 
     </span>
     <span class='ocr_line' id='line_1_26' title="bbox 218 2964 1253 3097; baseline -0.008 -71"><span class='ocrx_word' id='word_1_227' title='bbox 218 2972 368 3097; x_wconf 45' lang='lat'>33⁵²}</span> <span class='ocrx_word' id='word_1_228' title='bbox 377 2969 494 3041; x_wconf 77' lang='grc' dir='ltr'><em>μέχριςί</em></span> <span class='ocrx_word' id='word_1_229' title='bbox 575 2974 609 3028; x_wconf 81' lang='lat'>16</span> <span class='ocrx_word' id='word_1_230' title='bbox 621 2968 653 3026; x_wconf 77' lang='grc' dir='ltr'>δλ</span> <span class='ocrx_word' id='word_1_231' title='bbox 670 2970 719 3026; x_wconf 80' lang='grc' dir='ltr'>καλ</span> <span class='ocrx_word' id='word_1_232' title='bbox 734 2968 804 3034; x_wconf 71' lang='grc' dir='ltr'><em>τοδε</em></span> <span class='ocrx_word' id='word_1_233' title='bbox 838 2970 976 3039; x_wconf 64' lang='lat' dir='ltr'>croesus?</span> <span class='ocrx_word' id='word_1_234' title='bbox 1057 2970 1090 3027; x_wconf 78' lang='lat'>17</span> <span class='ocrx_word' id='word_1_235' title='bbox 1106 2964 1154 3020; x_wconf 82' lang='grc' dir='ltr'>καί</span> <span class='ocrx_word' id='word_1_236' title='bbox 1171 2966 1253 3019; x_wconf 86' lang='lat' dir='ltr'>omP</span> 
     </span>
    </p>
   </div>
   <div class='ocr_carea' id='block_1_4' title="bbox 140 3153 1367 4411">
    <p class='ocr_par' dir='ltr' id='par_1_4' title="bbox 145 3153 1352 3563">
     <span class='ocr_line' id='line_1_27' title="bbox 146 3153 1255 3230; baseline -0.006 -17"><span class='ocrx_word' id='word_1_237' title='bbox 146 3158 247 3215; x_wconf 86' lang='lat' dir='ltr'>litauus</span> <span class='ocrx_word' id='word_1_238' title='bbox 263 3159 416 3230; x_wconf 79' lang='lat' dir='ltr'>patrIerclra</span> <span class='ocrx_word' id='word_1_239' title='bbox 427 3158 513 3215; x_wconf 87' lang='lat' dir='ltr'>literis</span> <span class='ocrx_word' id='word_1_240' title='bbox 530 3161 585 3217; x_wconf 86' lang='lat' dir='ltr'>suis</span> <span class='ocrx_word' id='word_1_241' title='bbox 602 3159 784 3214; x_wconf 82' lang='lat' dir='ltr'>vehementius</span> <span class='ocrx_word' id='word_1_242' title='bbox 798 3156 923 3225; x_wconf 81' lang='lat' dir='ltr'>instabat,</span> <span class='ocrx_word' id='word_1_243' title='bbox 941 3161 972 3211; x_wconf 82' lang='lat' dir='ltr'>ut</span> <span class='ocrx_word' id='word_1_244' title='bbox 987 3154 1059 3211; x_wconf 86' lang='lat' dir='ltr'>illem</span> <span class='ocrx_word' id='word_1_245' title='bbox 1074 3172 1132 3210; x_wconf 91' lang='lat' dir='ltr'>cum</span> <span class='ocrx_word' id='word_1_246' title='bbox 1145 3153 1255 3209; x_wconf 83' lang='lat' dir='ltr'>muliere</span> 
     </span>
     <span class='ocr_line' id='line_1_28' title="bbox 147 3220 1352 3299; baseline -0.006 -16"><span class='ocrx_word' id='word_1_247' title='bbox 147 3230 304 3284; x_wconf 82' lang='lat' dir='ltr'>societatem</span> <span class='ocrx_word' id='word_1_248' title='bbox 321 3229 459 3285; x_wconf 78' lang='lat' dir='ltr'>obiiceret.</span> <span class='ocrx_word' id='word_1_249' title='bbox 495 3232 529 3285; x_wconf 91' lang='lat' dir='ltr'>ad</span> <span class='ocrx_word' id='word_1_250' title='bbox 548 3230 613 3283; x_wconf 85' lang='lat' dir='ltr'>haec</span> <span class='ocrx_word' id='word_1_251' title='bbox 629 3230 773 3299; x_wconf 88' lang='lat' dir='ltr'>imperator</span> <span class='ocrx_word' id='word_1_252' title='bbox 789 3226 828 3282; x_wconf 83' lang='lat' dir='ltr'>ite</span> <span class='ocrx_word' id='word_1_253' title='bbox 844 3226 983 3299; x_wconf 81' lang='lat' dir='ltr'><strong>respondit</strong></span> <span class='ocrx_word' id='word_1_254' title='bbox 997 3220 1088 3279; x_wconf 72' lang='lat' dir='ltr'>“recte</span> <span class='ocrx_word' id='word_1_255' title='bbox 1103 3232 1132 3280; x_wconf 89' lang='lat' dir='ltr'>tu</span> <span class='ocrx_word' id='word_1_256' title='bbox 1148 3222 1252 3293; x_wconf 88' lang='lat' dir='ltr'>quidem</span> <span class='ocrx_word' id='word_1_257' title='bbox 1350 3236 1352 3241; x_wconf 81' lang='grc'>’</span> 
     </span>
     <span class='ocr_line' id='line_1_29' title="bbox 148 3292 1253 3369; baseline -0.005 -16"><span class='ocrx_word' id='word_1_258' title='bbox 148 3300 254 3353; x_wconf 87' lang='lat' dir='ltr'>omuino</span> <span class='ocrx_word' id='word_1_259' title='bbox 276 3297 358 3354; x_wconf 79' lang='lat' dir='ltr'>dicis:</span> <span class='ocrx_word' id='word_1_260' title='bbox 385 3300 456 3369; x_wconf 90' lang='lat' dir='ltr'>quod</span> <span class='ocrx_word' id='word_1_261' title='bbox 477 3300 547 3354; x_wconf 87' lang='lat' dir='ltr'>euim</span> <span class='ocrx_word' id='word_1_262' title='bbox 570 3309 599 3353; x_wconf 88' lang='lat' dir='ltr'>et</span> <span class='ocrx_word' id='word_1_263' title='bbox 618 3299 793 3369; x_wconf 73' lang='lat' dir='ltr'><strong>patriarcham</strong></span> <span class='ocrx_word' id='word_1_264' title='bbox 817 3304 844 3351; x_wconf 89' lang='lat' dir='ltr'>et</span> <span class='ocrx_word' id='word_1_265' title='bbox 868 3297 977 3349; x_wconf 85' lang='lat' dir='ltr'>amicum</span> <span class='ocrx_word' id='word_1_266' title='bbox 1003 3296 1095 3363; x_wconf 86' lang='lat' dir='ltr'>decet,</span> <span class='ocrx_word' id='word_1_267' title='bbox 1123 3292 1253 3363; x_wconf 87' lang='lat' dir='ltr'><strong>quoddam</strong></span> 
     </span>
     <span class='ocr_line' id='line_1_30' title="bbox 146 3362 1253 3434; baseline -0.005 -14"><span class='ocrx_word' id='word_1_268' title='bbox 146 3366 232 3421; x_wconf 78' lang='lat' dir='ltr'>veluti</span> <span class='ocrx_word' id='word_1_269' title='bbox 249 3368 366 3423; x_wconf 86' lang='lat' dir='ltr'>debiturn</span> <span class='ocrx_word' id='word_1_270' title='bbox 379 3370 530 3423; x_wconf 74' lang='lat' dir='ltr'>reddidisti.</span> <span class='ocrx_word' id='word_1_271' title='bbox 565 3370 613 3423; x_wconf 85' lang='lat' dir='ltr'>sed</span> <span class='ocrx_word' id='word_1_272' title='bbox 630 3368 715 3423; x_wconf 81' lang='lat' dir='ltr'><strong>nostri</strong></span> <span class='ocrx_word' id='word_1_273' title='bbox 733 3368 786 3421; x_wconf 88' lang='lat' dir='ltr'>erit</span> <span class='ocrx_word' id='word_1_274' title='bbox 802 3366 908 3421; x_wconf 79' lang='lat' dir='ltr'>arbitrii</span> <span class='ocrx_word' id='word_1_275' title='bbox 923 3364 1001 3420; x_wconf 81' lang='lat' dir='ltr'>factis</span> <span class='ocrx_word' id='word_1_276' title='bbox 1024 3362 1090 3434; x_wconf 90' lang='lat' dir='ltr'>ipsis</span> <span class='ocrx_word' id='word_1_277' title='bbox 1114 3368 1253 3432; x_wconf 84' lang='lat' dir='ltr'>praestare</span> 
     </span>
     <span class='ocr_line' id='line_1_31' title="bbox 147 3430 1253 3509; baseline -0.005 -19"><span class='ocrx_word' id='word_1_278' title='bbox 147 3436 221 3508; x_wconf 87' lang='lat' dir='ltr'>quod</span> <span class='ocrx_word' id='word_1_279' title='bbox 236 3432 341 3491; x_wconf 85' lang='lat' dir='ltr'>iubes.”</span> <span class='ocrx_word' id='word_1_280' title='bbox 361 3438 496 3509; x_wconf 84' lang='lat' dir='ltr'>peridem</span> <span class='ocrx_word' id='word_1_281' title='bbox 513 3446 616 3509; x_wconf 89' lang='lat' dir='ltr'>tempus</span> <span class='ocrx_word' id='word_1_282' title='bbox 633 3437 803 3493; x_wconf 87' lang='lat' dir='ltr'>ecclesiarum</span> <span class='ocrx_word' id='word_1_283' title='bbox 817 3435 934 3489; x_wconf 77' lang='lat' dir='ltr'>thesauri</span> <span class='ocrx_word' id='word_1_284' title='bbox 950 3432 1071 3489; x_wconf 79' lang='lat' dir='ltr'>disuecti</span> <span class='ocrx_word' id='word_1_285' title='bbox 1087 3440 1149 3487; x_wconf 84' lang='lat' dir='ltr'>sunt</span> <span class='ocrx_word' id='word_1_286' title='bbox 1162 3438 1191 3486; x_wconf 91' lang='lat' dir='ltr'>et</span> <span class='ocrx_word' id='word_1_287' title='bbox 1202 3430 1253 3485; x_wconf 88' lang='lat' dir='ltr'>tri·</span> 
     </span>
     <span class='ocr_line' id='line_1_32' title="bbox 145 3504 625 3563; baseline 0 -2"><span class='ocrx_word' id='word_1_288' title='bbox 145 3506 207 3561; x_wconf 84' lang='lat' dir='ltr'>buti</span> <span class='ocrx_word' id='word_1_289' title='bbox 222 3508 326 3560; x_wconf 85' lang='lat' dir='ltr'>nomine</span> <span class='ocrx_word' id='word_1_290' title='bbox 342 3504 371 3559; x_wconf 86' lang='lat' dir='ltr'>iu</span> <span class='ocrx_word' id='word_1_291' title='bbox 390 3508 517 3562; x_wconf 86' lang='lat' dir='ltr'>barbaros</span> <span class='ocrx_word' id='word_1_292' title='bbox 534 3508 625 3563; x_wconf 76' lang='lat' dir='ltr'>diuisi.</span> 
     </span>
    </p>

    <p class='ocr_par' dir='ltr' id='par_1_5' title="bbox 140 3567 1367 4411">
     <span class='ocr_line' id='line_1_33' title="bbox 216 3567 1253 3637; baseline -0.006 -8"><span class='ocrx_word' id='word_1_293' title='bbox 216 3576 253 3629; x_wconf 75' lang='lat' dir='ltr'>At</span> <span class='ocrx_word' id='word_1_294' title='bbox 270 3576 403 3630; x_wconf 80' lang='lat' dir='ltr'>chosroes</span> <span class='ocrx_word' id='word_1_295' title='bbox 418 3594 521 3631; x_wconf 75' lang='lat' dir='ltr'>ramum</span> <span class='ocrx_word' id='word_1_296' title='bbox 539 3587 632 3630; x_wconf 87' lang='lat' dir='ltr'>eontra</span> <span class='ocrx_word' id='word_1_297' title='bbox 647 3577 780 3630; x_wconf 86' lang='lat' dir='ltr'>Romanos</span> <span class='ocrx_word' id='word_1_298' title='bbox 798 3571 941 3629; x_wconf 85' lang='lat' dir='ltr'>exercitum</span> <span class='ocrx_word' id='word_1_299' title='bbox 959 3570 1083 3637; x_wconf 84' lang='lat' dir='ltr'>mittens,</span> <span class='ocrx_word' id='word_1_300' title='bbox 1110 3567 1253 3623; x_wconf 77' lang='lat' dir='ltr'>Sarbarum</span> 
     </span>
     <span class='ocr_line' id='line_1_34' title="bbox 147 3636 1365 3717; baseline -0.005 -19"><span class='ocrx_word' id='word_1_301' title='bbox 147 3644 175 3698; x_wconf 88' lang='lat' dir='ltr'>ei</span> <span class='ocrx_word' id='word_1_302' title='bbox 191 3645 283 3701; x_wconf 87' lang='lat' dir='ltr'>ducem</span> <span class='ocrx_word' id='word_1_303' title='bbox 299 3646 439 3717; x_wconf 77' lang='lat' dir='ltr'>praefecit,</span> <span class='ocrx_word' id='word_1_304' title='bbox 464 3646 510 3715; x_wconf 90' lang='lat' dir='ltr'>qui</span> <span class='ocrx_word' id='word_1_305' title='bbox 522 3646 634 3701; x_wconf 78' lang='lat' dir='ltr'>Oriente</span> <span class='ocrx_word' id='word_1_306' title='bbox 651 3653 806 3716; x_wconf 72' lang='lat' dir='ltr'>penestato</span> <span class='ocrx_word' id='word_1_307' title='bbox 825 3642 948 3697; x_wconf 85' lang='lat' dir='ltr'>saluteris</span> <span class='ocrx_word' id='word_1_308' title='bbox 962 3638 1047 3695; x_wconf 87' lang='lat' dir='ltr'>crucis</span> <span class='ocrx_word' id='word_1_309' title='bbox 1060 3638 1168 3693; x_wconf 83' lang='lat' dir='ltr'>vivifice</span> <span class='ocrx_word' id='word_1_310' title='bbox 1181 3636 1254 3707; x_wconf 81' lang='lat' dir='ltr'>ligne</span> <span class='ocrx_word' id='word_1_311' title='bbox 1268 3656 1297 3699; x_wconf 59' lang='lat' dir='ltr'>a,</span> <span class='ocrx_word' id='word_1_312' title='bbox 1312 3645 1365 3703; x_wconf 79' lang='lat'>615</span> 
     </span>
     <span class='ocr_line' id='line_1_35' title="bbox 146 3707 1253 3785; baseline -0.005 -18"><span class='ocrx_word' id='word_1_313' title='bbox 146 3712 176 3767; x_wconf 89' lang='lat' dir='ltr'>in</span> <span class='ocrx_word' id='word_1_314' title='bbox 198 3714 298 3769; x_wconf 84' lang='lat' dir='ltr'>sanctis</span> <span class='ocrx_word' id='word_1_315' title='bbox 320 3714 386 3769; x_wconf 88' lang='lat' dir='ltr'>locis</span> <span class='ocrx_word' id='word_1_316' title='bbox 411 3725 538 3785; x_wconf 86' lang='lat' dir='ltr'>occupet,</span> <span class='ocrx_word' id='word_1_317' title='bbox 564 3715 688 3769; x_wconf 83' lang='lat' dir='ltr'>Modesto</span> <span class='ocrx_word' id='word_1_318' title='bbox 707 3724 770 3769; x_wconf 90' lang='lat' dir='ltr'>tunc</span> <span class='ocrx_word' id='word_1_319' title='bbox 787 3710 1030 3778; x_wconf 82' lang='lat' dir='ltr'>Hierosolymorum</span> <span class='ocrx_word' id='word_1_320' title='bbox 1048 3707 1187 3763; x_wconf 86' lang='lat' dir='ltr'>ecclesium</span> <span class='ocrx_word' id='word_1_321' title='bbox 1202 3724 1253 3777; x_wconf 82' lang='lat' dir='ltr'>gu·</span> 
     </span>
     <span class='ocr_line' id='line_1_36' title="bbox 145 3778 1252 3855; baseline -0.005 -18"><span class='ocrx_word' id='word_1_322' title='bbox 145 3783 286 3849; x_wconf 81' lang='lat' dir='ltr'>beruaute.</span> <span class='ocrx_word' id='word_1_323' title='bbox 322 3782 386 3853; x_wconf 88' lang='lat' dir='ltr'>quin</span> <span class='ocrx_word' id='word_1_324' title='bbox 402 3784 504 3837; x_wconf 79' lang='lat' dir='ltr'>Persae</span> <span class='ocrx_word' id='word_1_325' title='bbox 516 3784 541 3837; x_wconf 94' lang='lat' dir='ltr'>lo</span> <span class='ocrx_word' id='word_1_326' title='bbox 579 3784 620 3837; x_wconf 84' lang='lat' dir='ltr'>ius</span> <span class='ocrx_word' id='word_1_327' title='bbox 637 3784 747 3855; x_wconf 90' lang='lat' dir='ltr'>insuper</span> <span class='ocrx_word' id='word_1_328' title='bbox 764 3778 900 3855; x_wconf 77' lang='lat' dir='ltr'>progressi</span> <span class='ocrx_word' id='word_1_329' title='bbox 916 3778 1108 3833; x_wconf 86' lang='lat' dir='ltr'>Calchedonem</span> <span class='ocrx_word' id='word_1_330' title='bbox 1123 3794 1252 3849; x_wconf 83' lang='lat' dir='ltr'>propere·</span> 
     </span>
     <span class='ocr_line' id='line_1_37' title="bbox 144 3847 1252 3924; baseline -0.006 -18"><span class='ocrx_word' id='word_1_331' title='bbox 144 3852 221 3906; x_wconf 81' lang='lat' dir='ltr'>bant.</span> <span class='ocrx_word' id='word_1_332' title='bbox 256 3852 396 3907; x_wconf 72' lang='lat' dir='ltr'>Heraclius</span> <span class='ocrx_word' id='word_1_333' title='bbox 413 3852 505 3909; x_wconf 84' lang='lat' dir='ltr'>Persis</span> <span class='ocrx_word' id='word_1_334' title='bbox 523 3872 555 3906; x_wconf 90' lang='lat' dir='ltr'>eo</span> <span class='ocrx_word' id='word_1_335' title='bbox 575 3872 614 3906; x_wconf 91' lang='lat' dir='ltr'>em</span> <span class='ocrx_word' id='word_1_336' title='bbox 633 3863 753 3924; x_wconf 87' lang='lat' dir='ltr'>tempore</span> <span class='ocrx_word' id='word_1_337' title='bbox 770 3862 798 3905; x_wconf 89' lang='lat' dir='ltr'>et</span> <span class='ocrx_word' id='word_1_338' title='bbox 812 3849 944 3905; x_wconf 78' lang='lat' dir='ltr'>Avaribus</span> <span class='ocrx_word' id='word_1_339' title='bbox 961 3847 1167 3915; x_wconf 79' lang='lat' dir='ltr'>infestantibus,</span> <span class='ocrx_word' id='word_1_340' title='bbox 1194 3862 1252 3900; x_wconf 86' lang='lat' dir='ltr'>cum</span> 
     </span>
     <span class='ocr_line' id='line_1_38' title="bbox 145 3914 1367 3993; baseline 0.002 -19"><span class='ocrx_word' id='word_1_341' title='bbox 145 3937 200 3974; x_wconf 87' lang='lat' dir='ltr'>uua</span> <span class='ocrx_word' id='word_1_342' title='bbox 217 3928 244 3975; x_wconf 82' lang='lat' dir='ltr'>et</span> <span class='ocrx_word' id='word_1_343' title='bbox 260 3924 330 3977; x_wconf 81' lang='lat' dir='ltr'>ieme</span> <span class='ocrx_word' id='word_1_344' title='bbox 348 3930 376 3974; x_wconf 93' lang='lat' dir='ltr'>et</span> <span class='ocrx_word' id='word_1_345' title='bbox 392 3922 544 3993; x_wconf 86' lang='lat' dir='ltr'>pestilentia</span> <span class='ocrx_word' id='word_1_346' title='bbox 560 3922 711 3992; x_wconf 81' lang='lat' dir='ltr'>respublica</span> <span class='ocrx_word' id='word_1_347' title='bbox 728 3929 907 3991; x_wconf 87' lang='lat' dir='ltr'>premeretur,</span> <span class='ocrx_word' id='word_1_348' title='bbox 934 3917 1057 3986; x_wconf 79' lang='lat' dir='ltr'>Sergium</span> <span class='ocrx_word' id='word_1_349' title='bbox 1074 3914 1252 3988; x_wconf 74' lang='lat' dir='ltr'>patriarcham</span> <span class='ocrx_word' id='word_1_350' title='bbox 1270 3934 1296 3974; x_wconf 80' lang='lat' dir='ltr'>a.</span> <span class='ocrx_word' id='word_1_351' title='bbox 1314 3922 1367 3981; x_wconf 69' lang='lat'>622</span> 
     </span>
     <span class='ocr_line' id='line_1_39' title="bbox 144 3982 1253 4063; baseline -0.007 -20"><span class='ocrx_word' id='word_1_352' title='bbox 144 4007 204 4043; x_wconf 90' lang='lat' dir='ltr'>cum</span> <span class='ocrx_word' id='word_1_353' title='bbox 220 3990 418 4061; x_wconf 74' lang='lat' dir='ltr'>magistratibus</span> <span class='ocrx_word' id='word_1_354' title='bbox 436 4002 517 4061; x_wconf 86' lang='lat' dir='ltr'>atque</span> <span class='ocrx_word' id='word_1_355' title='bbox 538 3991 608 4045; x_wconf 91' lang='lat' dir='ltr'>omni</span> <span class='ocrx_word' id='word_1_356' title='bbox 629 3991 726 4063; x_wconf 89' lang='lat' dir='ltr'>populo</span> <span class='ocrx_word' id='word_1_357' title='bbox 745 4005 894 4045; x_wconf 85' lang='lat' dir='ltr'>convocans</span> <span class='ocrx_word' id='word_1_358' title='bbox 911 3986 980 4041; x_wconf 88' lang='lat' dir='ltr'>lilios</span> <span class='ocrx_word' id='word_1_359' title='bbox 997 4002 1060 4040; x_wconf 87' lang='lat' dir='ltr'>suos</span> <span class='ocrx_word' id='word_1_360' title='bbox 1082 4001 1171 4038; x_wconf 87' lang='lat' dir='ltr'>eorum</span> <span class='ocrx_word' id='word_1_361' title='bbox 1188 3982 1253 4036; x_wconf 86' lang='lat' dir='ltr'>fidei</span> 
     </span>
     <span class='ocr_line' id='line_1_40' title="bbox 143 4052 1254 4137; baseline -0.009 -25"><span class='ocrx_word' id='word_1_362' title='bbox 143 4060 301 4128; x_wconf 80' lang='lat' dir='ltr'>committit,</span> <span class='ocrx_word' id='word_1_363' title='bbox 331 4069 362 4113; x_wconf 87' lang='lat' dir='ltr'>et</span> <span class='ocrx_word' id='word_1_364' title='bbox 383 4060 485 4113; x_wconf 90' lang='lat' dir='ltr'>Bonum</span> <span class='ocrx_word' id='word_1_365' title='bbox 509 4060 649 4131; x_wconf 86' lang='lat' dir='ltr'>patrieimn</span> <span class='ocrx_word' id='word_1_366' title='bbox 669 4078 758 4113; x_wconf 87' lang='lat' dir='ltr'>rerum</span> <span class='ocrx_word' id='word_1_367' title='bbox 780 4056 1002 4113; x_wconf 83' lang='lat' dir='ltr'>administrationi</span> <span class='ocrx_word' id='word_1_368' title='bbox 1021 4053 1156 4137; x_wconf 74' lang='lat' dir='ltr'>praeficit.</span> <span class='ocrx_word' id='word_1_369' title='bbox 1192 4052 1254 4103; x_wconf 87' lang='lat' dir='ltr'>hino</span> 
     </span>
     <span class='ocr_line' id='line_1_41' title="bbox 142 4124 1254 4199; baseline -0.009 -16"><span class='ocrx_word' id='word_1_370' title='bbox 142 4128 337 4184; x_wconf 69' lang='lat' dir='ltr'>sermonen·</span> <span class='ocrx_word' id='word_1_371' title='bbox 355 4130 485 4199; x_wconf 81' lang='lat' dir='ltr'>navigans</span> <span class='ocrx_word' id='word_1_372' title='bbox 502 4147 551 4199; x_wconf 88' lang='lat' dir='ltr'>per</span> <span class='ocrx_word' id='word_1_373' title='bbox 570 4130 700 4183; x_wconf 85' lang='lat' dir='ltr'>Lazorum</span> <span class='ocrx_word' id='word_1_374' title='bbox 721 4128 884 4199; x_wconf 78' lang='lat' dir='ltr'>provinciam</span> <span class='ocrx_word' id='word_1_375' title='bbox 903 4126 931 4179; x_wconf 92' lang='lat' dir='ltr'>in</span> <span class='ocrx_word' id='word_1_376' title='bbox 952 4124 1089 4179; x_wconf 75' lang='lat' dir='ltr'>Persidem</span> <span class='ocrx_word' id='word_1_377' title='bbox 1107 4136 1254 4191; x_wconf 78' lang='lat' dir='ltr'>irrumpere</span> 
     </span>
     <span class='ocr_line' id='line_1_42' title="bbox 141 4192 1254 4268; baseline -0.009 -17"><span class='ocrx_word' id='word_1_378' title='bbox 141 4207 253 4252; x_wconf 85' lang='lat' dir='ltr'>conatus</span> <span class='ocrx_word' id='word_1_379' title='bbox 272 4209 329 4264; x_wconf 70' lang='grc' dir='ltr'><em>τοις</em></span> <span class='ocrx_word' id='word_1_380' title='bbox 354 4198 399 4254; x_wconf 81' lang='lat' dir='ltr'>obi</span> <span class='ocrx_word' id='word_1_381' title='bbox 424 4216 457 4251; x_wconf 87' lang='lat' dir='ltr'>ex</span> <span class='ocrx_word' id='word_1_382' title='bbox 474 4198 591 4255; x_wconf 86' lang='lat' dir='ltr'>Martiae</span> <span class='ocrx_word' id='word_1_383' title='bbox 613 4200 724 4268; x_wconf 80' lang='lat' dir='ltr'>coniuge</span> <span class='ocrx_word' id='word_1_384' title='bbox 747 4197 819 4251; x_wconf 88' lang='lat' dir='ltr'>filius</span> <span class='ocrx_word' id='word_1_385' title='bbox 836 4194 953 4251; x_wconf 85' lang='lat' dir='ltr'>nescitur</span> <span class='ocrx_word' id='word_1_386' title='bbox 971 4194 1057 4262; x_wconf 87' lang='lat' dir='ltr'>(hanc</span> <span class='ocrx_word' id='word_1_387' title='bbox 1077 4192 1145 4245; x_wconf 91' lang='lat' dir='ltr'>enim</span> <span class='ocrx_word' id='word_1_388' title='bbox 1164 4204 1254 4243; x_wconf 86' lang='lat' dir='ltr'>secum</span> 
     </span>
     <span class='ocr_line' id='line_1_43' title="bbox 140 4259 1253 4339; baseline -0.009 -19"><span class='ocrx_word' id='word_1_389' title='bbox 140 4267 302 4336; x_wconf 76' lang='lat' dir='ltr'>adduxerat)</span> <span class='ocrx_word' id='word_1_390' title='bbox 322 4285 401 4339; x_wconf 87' lang='lat' dir='ltr'>quem</span> <span class='ocrx_word' id='word_1_391' title='bbox 417 4267 570 4323; x_wconf 87' lang='lat' dir='ltr'>Heraclium</span> <span class='ocrx_word' id='word_1_392' title='bbox 586 4268 741 4322; x_wconf 83' lang='lat' dir='ltr'>nominarit.</span> <span class='ocrx_word' id='word_1_393' title='bbox 776 4266 893 4322; x_wconf 87' lang='lat' dir='ltr'>indidem</span> <span class='ocrx_word' id='word_1_394' title='bbox 909 4282 990 4336; x_wconf 89' lang='lat' dir='ltr'>porro</span> <span class='ocrx_word' id='word_1_395' title='bbox 1007 4262 1111 4331; x_wconf 81' lang='lat' dir='ltr'>legatos</span> <span class='ocrx_word' id='word_1_396' title='bbox 1128 4276 1187 4312; x_wconf 90' lang='lat' dir='ltr'>cum</span> <span class='ocrx_word' id='word_1_397' title='bbox 1204 4259 1253 4311; x_wconf 89' lang='lat' dir='ltr'>do-</span> 
     </span>
     <span class='ocr_line' id='line_1_44' title="bbox 140 4328 1253 4411; baseline -0.009 -20"><span class='ocrx_word' id='word_1_398' title='bbox 140 4336 185 4391; x_wconf 84' lang='lat' dir='ltr'>uia</span> <span class='ocrx_word' id='word_1_399' title='bbox 202 4336 238 4391; x_wconf 88' lang='lat' dir='ltr'>ad</span> <span class='ocrx_word' id='word_1_400' title='bbox 251 4338 401 4392; x_wconf 86' lang='lat' dir='ltr'>Turcarum</span> <span class='ocrx_word' id='word_1_401' title='bbox 417 4336 564 4411; x_wconf 84' lang='lat' dir='ltr'>principem</span> <span class='ocrx_word' id='word_1_402' title='bbox 581 4338 711 4407; x_wconf 83' lang='lat' dir='ltr'>destinet,</span> <span class='ocrx_word' id='word_1_403' title='bbox 734 4336 831 4410; x_wconf 80' lang='lat' dir='ltr'>quibus</span> <span class='ocrx_word' id='word_1_404' title='bbox 846 4352 904 4393; x_wconf 90' lang='lat' dir='ltr'>eum</span> <span class='ocrx_word' id='word_1_405' title='bbox 920 4334 952 4390; x_wconf 85' lang='lat' dir='ltr'>ad</span> <span class='ocrx_word' id='word_1_406' title='bbox 968 4332 1032 4388; x_wconf 90' lang='lat' dir='ltr'>belli</span> <span class='ocrx_word' id='word_1_407' title='bbox 1046 4337 1139 4384; x_wconf 87' lang='lat' dir='ltr'>contra</span> <span class='ocrx_word' id='word_1_408' title='bbox 1154 4328 1253 4383; x_wconf 84' lang='lat' dir='ltr'>Persae</span> 
     </span>
    </p>
   </div>
   <div class='ocr_carea' id='block_1_5' title="bbox 184 4405 1045 4486">
    <p class='ocr_par' dir='ltr' id='par_1_6' title="bbox 184 4405 1045 4486">
     <span class='ocr_line' id='line_1_45' title="bbox 184 4405 1045 4486; baseline -0.005 -16"><span class='ocrx_word' id='word_1_409' title='bbox 184 4416 297 4486; x_wconf 76' lang='grc' dir='ltr'><em>αεεμι</em></span> <span class='ocrx_word' id='word_1_410' title='bbox 322 4417 412 4472; x_wconf 67' lang='grc' dir='ltr'><em>σεεμ</em></span> <span class='ocrx_word' id='word_1_411' title='bbox 1023 4405 1045 4466; x_wconf 83' lang='lat'>2</span> 
     </span>
    </p>
   </div>
   <div class='ocr_carea' id='block_1_6' title="bbox 0 0 1504 4850">
    <p class='ocr_par' dir='ltr' id='par_1_7' title="bbox 0 0 1504 4850">
     <span class='ocr_line' id='line_1_46' title="bbox 0 0 1504 4850; baseline 0 7"><span class='ocrx_word' id='word_1_412' title='bbox 0 0 1504 4850; x_wconf 95' lang='lat' dir='ltr'> </span> 
     </span>
    </p>
   </div>
  </div>
 </body>
</html>
