3000 4850
360 315 617 392 DESCRIPTIO
640 320 677 390 S.
699 319 892 393 sormam
1112 323 1185 401 149

107 498 129 546 et
143 502 264 567 pransos
283 483 369 547 sedis
388 487 494 547 uerus
512 483 662 548 babemus
686 486 768 569 apud
788 489 907 550 Gruter.
931 493 973 556 27
994 495 1032 567 2,
1069 495 1128 560 172
1149 495 1181 571 3,

105 575 152 636 111
171 576 196 635 1.
234 574 277 630 ita
297 575 389 632 eriam
405 591 469 632 vox
486 569 562 632 baec
576 583 738 652 usurpatur
754 595 773 635 a
787 575 958 641 vitmvios
979 575 1001 641 4
1022 587 1052 636 at
1069 597 1088 638 a
1105 582 1181 640 Per-

104 655 169 716 dicca
180 655 308 738 Ephesio
323 657 362 716 de
375 655 576 718 Thamatibus
588 661 737 718 Hieroscl.

238 742 292 807 nat
307 742 434 823 δένδρον
447 737 671 824 ια’σιιιὸφαλλαν
685 737 777 818 fascic
789 741 822 808 iv
836 747 880 828 spi
892 738 1030 830 προνᾶρι.

101 836 126 883 et
136 827 180 906 qui
190 825 325 911 ιιρόναον
335 831 455 888 tertiam
469 849 536 889 esse
547 831 654 909 templi
667 840 785 910 partem
799 828 999 906 contendunt,
1021 831 1053 888 iu
1067 833 1178 914 quibus

102 921 136 970 est
151 912 368 990 Genebrardus,
391 916 567 974 existimant
587 914 660 974 inde
679 916 829 974 Gallicam
850 933 956 974 vocem
965 937 1063 995 prone
1079 917 1178 978 dedu-

101 995 217 1073 cendam,
239 1019 307 1060 eam
326 1001 440 1060 scilieet
461 1003 628 1059 orationem
648 1020 740 1082 quam
761 1020 802 1060 ex
825 999 916 1060 officii
930 1003 1067 1062 instituto
1084 1000 1177 1066 habat

100 1085 164 1141 auda
181 1083 217 1142 sd
232 1086 356 1165 plebem
371 1088 405 1144 in
423 1087 483 1144 ista
503 1086 646 1144 inferiora
674 1085 758 1145 aedis
779 1097 864 1164 parta
884 1098 914 1146 et
932 1097 1019 1146 extra
1040 1086 1175 1167 chorum,

98 1170 161 1227 iuter
177 1172 283 1230 missae
304 1172 457 1247 solennia,
483 1188 562 1251 quaa
573 1191 707 1250 pronum
721 1169 830 1230 dicitur
846 1173 879 1230 in
891 1174 1025 1232 conciliis
1035 1176 1175 1235 Proviuc.

96 1255 241 1314 Semnanei
264 1276 293 1316 a.
320 1254 418 1331 1524,
453 1257 632 1318 carnotensi
652 1256 753 1332 1526,
782 1257 993 1318 catalaunensi
1016 1259 1175 1336 1557010,

91 1361 169 1417 praru
182 1341 213 1399 in
232 1343 374 1402 Causast.
394 1343 558 1402 Parisiansi
576 1353 632 1402 art.
650 1344 710 1416 30,
731 1343 867 1402 Blasensi
883 1353 937 1402 art.
954 1347 974 1408 3
993 1352 1023 1401 et
1038 1347 1176 1406 Dunensi

94 1436 138 1484 ert.
149 1426 200 1502 58,
219 1430 264 1486 ita
282 1438 318 1487 ut
336 1425 560 1508 quodammodo
577 1427 635 1486 bac
656 1429 790 1487 oratioue
802 1449 857 1487 seu
869 1429 1049 1490 allocutione
1063 1429 1102 1489 ad
1115 1451 1175 1511 pa·

92 1511 181 1588 palum
203 1514 285 1572 curio
309 1514 399 1591 fisngi
419 1511 535 1572 dicatur
555 1512 654 1573 officio
675 1513 804 1572 meroris
824 1514 1036 1586 audiendiam,
1063 1519 1107 1576 uti
1128 1527 1174 1577 est

91 1595 157 1674 apud
175 1597 205 1657 0
218 1599 404 1678 Cyprianum
420 1601 519 1679 Epist.
532 1597 576 1663 24
596 1596 634 1658 da
653 1599 764 1658 lectore
781 1609 931 1678 agentem.
975 1603 1037 1659 scic
1051 1601 1175 1660 Salma-

90 1683 155 1740 siunr
172 1683 248 1743 bbra
272 1683 313 1742 de
331 1685 468 1744 Primatu
484 1703 582 1764 papas
598 1703 704 1744 vocem
718 1681 797 1742 hauc
813 1687 951 1743 abatico
961 1689 1176 1762 praeconium,

90 1765 236 1844 deducere,
262 1767 346 1850 quod
366 1788 403 1827 ea
422 1772 457 1828 in
478 1771 545 1829 loco
566 1771 722 1849 praeconis
744 1770 827 1828 verbi
850 1768 900 1828 dei
918 1789 1029 1830 munus
1046 1773 1173 1854 impleat

88 1855 172 1912 suria:
192 1852 246 1913 sed
258 1857 314 1913 six
325 1855 358 1912 iu
370 1849 450 1913 hanc
460 1857 640 1915 senteutiam
652 1853 780 1934 pedibus
794 1856 893 1914 ierim.

157 1944 206 2004 82.
250 1941 393 1998 Ccnfecta
407 1938 490 2000 aedis
501 1936 675 2020 Sophianae
688 1960 730 1998 ex
741 1940 913 1998 Silentiario
926 1940 1052 2020 aliisque
1066 1951 1173 2000 auctu-

87 2022 157 2083 tibus
176 2023 392 2104 descriptione,
414 2036 550 2104 superest
570 2035 605 2083 ut
625 2023 664 2084 de
684 2027 854 2104 praecipuis
869 2025 952 2084 iilius
970 2024 1089 2086 exedris
1108 2027 1172 2107 (sic

86 2110 154 2167 euim
172 2129 325 2169 sacrarum
343 2109 467 2168 aedium
488 2109 670 2189 appendices
685 2110 832 2190 appellari
847 2121 950 2170 auctor
965 2120 1010 2169 est
1022 2111 1171 2172 Eusebius

86 2196 149 2253 iiist.
161 2197 243 2254 Eccb
261 2198 303 2258 10
323 2191 366 2275 4)
387 2192 504 2276 aliquid
516 2194 662 2254 dicamus.
703 2193 813 2254 barum
827 2193 903 2253 duae
916 2198 1107 2274 potissimum
1120 2218 1173 2256 ce-

85 2279 211 2341 lebriores
232 2278 356 2339 habitae
377 2291 466 2357 snut,
497 2291 532 2340 nt
551 2290 666 2340 ceteras
684 2282 838 2355 omittam,
868 2282 896 2338 si
920 2300 997 2362 quaa
1019 2285 1173 2360 exstitere,

85 2364 275 2446 baptisterium
287 2376 318 2427 at
329 2364 529 2427 diaconicum.
571 2366 774 2446 abaptisterio
785 2363 954 2443 ordiamur,
977 2385 1036 2448 quo
1049 2371 1173 2429 uomina

85 2453 222 2531 appellant
236 2450 400 2512 christiani
411 2454 516 2511 lucum
528 2450 672 2534 baptismi
683 2451 782 2511 officio
798 2449 940 2511 dicatum.
983 2451 1061 2512 illud
1076 2453 1172 2515 ferma

86 2540 193 2599 sennim
212 2558 231 2597 a
250 2539 373 2617 templis
395 2539 512 2596 exstrui
533 2540 658 2597 solitum
680 2535 768 2597 dccet
785 2538 934 2597 Eusebius
947 2539 1016 2598 loco
1030 2542 1174 2618 proxime

86 2625 169 2700 citato,
190 2625 352 2704 ceterique,
374 2640 450 2703 quus
464 2623 578 2703 passim
590 2620 717 2682 laudant
729 2624 900 2683 Brissonius
917 2621 956 2682 ad
970 2626 1044 2702 Lag.
1060 2626 1177 2685 Domi-·

87 2709 157 2779 rats,
185 2707 253 2769 cod.
278 2704 400 2767 Thecd.
423 2706 462 2766 de
484 2708 680 2786 spectaculis,
710 2706 817 2788 steph.
842 2710 994 2769 Duranius
1019 2706 1057 2769 de
1077 2712 1173 2773 Ritib.

87 2793 154 2851 baa
175 2798 193 2859 1
217 2797 276 2871 19,
305 2797 476 2853 Brcurerus
495 2791 535 2851 ad
552 2795 707 2853 Fortunat.
730 2794 756 2852 1.
779 2796 796 2856 1
821 2800 920 2873 peirn.
945 2794 1003 2868 15,
1024 2794 1175 2875 Iosephus

87 2878 240 2939 vicecomes
263 2890 296 2938 st
316 2880 380 2939 elii.
429 2898 530 2960 neque
551 2890 670 2939 tantum
690 2888 777 2937 extra
796 2878 904 2938 aedem
922 2898 1037 2938 sacram
1056 2884 1172 2941 exstitit

88 2961 289 3042 baptisterimn,
312 2962 367 3024 sed
388 2966 481 3021 etiam
501 2954 606 3023 veracis
622 2964 759 3022 infimam
770 2964 852 3024 illius
863 2974 996 3045 partem,
1020 2984 1074 3024 seu
1087 2963 1172 3025 haud

88 3047 162 3127 {cuge
176 3070 192 3107 a
206 3050 369 3129 porticibus
378 3044 616 3109 bccidentalibus
631 3050 683 3108 vel
695 3046 852 3125 nartheca,
875 3069 934 3131 quo
949 3052 1043 3109 statui
1052 3048 1173 3109 videtur

90 3132 142 3192 icco
161 3134 366 3215 baptisterium
381 3132 572 3214 Sophiannm
586 3154 605 3193 a
619 3132 736 3194 Godino
750 3136 898 3194 scribente
912 3129 945 3197 sd
959 3133 1104 3198 ἐπίπεδον
1115 3138 1173 3199 τοῦ

91 3222 153 3280 snei
169 3220 220 3282 sai
240 3217 292 3283 ads
312 3220 446 3300 λουτῆρα
473 3218 526 3282 ιια1
553 3214 626 3294 τούς
649 3214 811 3303 νάρθηκας
832 3220 885 3283 ιια1
904 3214 943 3281 ed
966 3218 1052 3303 πέριξ
1070 3213 1172 3283 αὐτῶν

91 3302 165 3363 fuisse
185 3302 309 3365 domum
330 3306 473 3363 Damiani
491 3306 628 3385 patricii,
647 3306 712 3366 siva
734 3302 794 3364 hcc
816 3306 884 3365 loco
903 3302 1033 3365 narthex
1054 3304 1171 3365 dicatur

92 3406 146 3465 pars
157 3391 276 3451 inierim
290 3391 413 3470 templi,
435 3410 491 3449 seu
506 3392 639 3471 porticus
651 3391 803 3450 vestibuli.
846 3390 958 3450 Paulus
980 3392 1172 3453 silentiarius

94 3482 179 3549 part-1
195 3495 224 3535 r.
237 3476 297 3541 148
317 3473 397 3534 iliud
414 3476 509 3535 fuisse
531 3474 646 3535 iudicat
659 3494 763 3535 versus
776 3478 910 3555 porticus
920 3477 1078 3537 inferiores
1092 3496 1170 3559 quae

97 3558 155 3618 intra
165 3560 265 3620 sedem
278 3570 358 3636 suut,
381 3580 442 3643 quc
455 3562 552 3621 ferma
565 3562 632 3621 loco
646 3558 801 3621 hincinde
814 3560 1010 3624 validioribus
1022 3565 1171 3626 columma

97 3649 240 3709 minoret:
252 3644 469 3708 catechumena
481 3646 703 3708 suffulciuutru.

599 3725 820 3815 1φιδρήασαααι
836 3726 869 3793 dd
883 3730 955 3817 γαίῃ
1186 3740 1209 3796 P
1227 3740 1279 3799 593

227 3808 581 3898 intermiscendis
596 3818 702 3880 dcciv·
724 3806 768 3878 aiv
783 3811 861 3879 κατιὶ
875 3809 990 3901 κόρσης

228 3893 422 3985 τετρααὸραις
437 3905 573 3985 caspiam
587 3902 792 3983 ἰπειλιχθεῖσα
805 3901 913 3983 sequte,

226 3991 328 4051 scices
339 3980 520 4068 ὖαεαιῆριξι
532 3988 749 4071 macariorum
763 3983 910 4063 tutatast,

229 4069 303 4136 actv
318 4065 520 4136 braduam
533 4068 610 4155 πρὸς
622 4066 780 4156 deprime
789 4065 895 4156 idatpa

227 4152 398 4240 ἆνδραμὲοα
410 4150 526 4238 βιότοιο
537 4155 695 4241 καθάρσια
704 4167 763 4217 stc.
1128 4228 1151 4251 u

95 4250 162 4309 Porm
177 4248 254 4303 muta
276 4241 476 4323 amplitudine
497 4244 557 4305 init
576 4243 786 4325 baptisterium
807 4236 1012 4320 Sophiauum,
1034 4236 1113 4297 utin
1126 4253 1165 4293 us

95 4330 143 4380 Μ*
160 4330 278 4390 matie
294 4328 435 4410 legamus
455 4329 491 4390 in
510 4327 627 4415 syuodo
643 4325 787 4391 chalced.
804 4328 871 4387 Act.
885 4330 901 4391 1
917 4334 947 4386 et
959 4320 1040 4404 apud
1053 4312 1167 4383 Gedra-
