3000 4850
198 290 270 364 158
334 324 336 329 ·
642 284 849 357 nannunn

193 454 390 536 scriptionem
406 448 607 514 adornarunt:
631 471 706 512 nem
724 455 833 514 Petrus
854 451 973 533 Gyllius
991 452 1039 512 vir
1058 450 1096 512 de
1114 471 1146 510 re
1168 451 1302 513 literaria

194 544 307 621 optime
322 542 447 599 meritus
460 537 533 598 huic
548 541 646 600 labori
659 542 796 604 maxima
816 559 886 602 oum
898 535 987 601 laude
1001 539 1151 612 incubuit;
1174 548 1205 596 et
1222 559 1302 618 pau-

194 630 238 686 ois
262 636 330 684 ante
352 628 439 684 annis
464 623 654 686 doctissimus
672 626 847 704 Ducangius
865 625 1024 684 uberrimis
1039 643 1073 684 ac
1090 621 1301 684 eruditissimis

194 713 417 771 commentariis
431 712 521 770 Pauli
536 711 704 771 silentiarii
718 709 815 770 deseri
836 711 951 770 tionem
963 709 998 770 S.
1013 707 1147 791 Sophiae
1165 709 1303 768 illustra·-

193 801 257 872 vit3
282 799 336 877 qui
349 815 421 854 sane
433 805 604 876 postremus
618 799 745 878 scriptor
756 799 799 856 ita
855 815 893 854 nc
904 816 969 854 rem
982 797 1120 856 tractavit
1132 805 1166 854 nt
1178 796 1231 854 vix
1242 795 1303 853 ali-

167 915 173 924 *
194 881 270 964 quid
293 883 365 940 novi
388 902 423 940 ac
442 883 626 942 inobservati
648 883 710 942 iliis
730 880 842 942 addere
863 883 1014 964 quispiam
1031 883 1135 960 possit.
1153 876 1186 959 *)
1229 877 1303 940 hinc

195 987 286 1048 porro
307 967 487 1028 factumest
512 979 545 1027 ut
567 968 673 1028 breves
695 965 860 1026 admodum
883 969 1113 1028 commentarios
1135 967 1168 1025 in
1188 963 1304 1026 descri-

194 1057 331 1134 ptionem
346 1051 429 1112 aedis
445 1050 617 1133 Sophianae
630 1055 922 1126 concinnaret-imus,
945 1063 975 1111 et
990 1053 1021 1110 in
1038 1049 1120 1112 hisce
1134 1072 1170 1110 ea
1184 1061 1303 1110 tantum

195 1158 374 1198 moneamus
397 1157 475 1220 quae
496 1140 547 1198 vel
568 1141 737 1198 necessaria
766 1157 831 1198 esse
860 1137 1003 1196 duximus
1026 1135 1065 1195 ad
1088 1134 1304 1196 illustrandum

196 1226 350 1304 scriptoris
371 1226 467 1284 nostri
488 1243 626 1300 sensum,
648 1225 699 1284 vel
720 1224 821 1284 minus
834 1223 872 1281 ab
888 1225 954 1283 aliis
968 1224 1125 1282 observata
1140 1223 1233 1281 irrisae
1251 1242 1303 1280 ar-

195 1311 353 1371 bitramur.
395 1329 502 1369 verum
522 1329 593 1368 cum
613 1329 712 1391 neque
732 1328 768 1368 ea
788 1327 866 1390 quae
888 1306 925 1368 de
949 1311 1040 1368 variis
1062 1309 1197 1388 partibus
1219 1306 1303 1368 aedis

198 1393 370 1474 Sophianse
393 1395 431 1452 ab
452 1397 613 1475 Anonymo
633 1406 734 1454 nostro
753 1391 906 1469 dicuntur,
927 1413 1027 1474 neque
1042 1413 1078 1452 ea
1091 1413 1168 1475 qnae
1185 1394 1303 1452 anobis

198 1481 243 1539 ibi
260 1481 415 1539 observata
428 1489 514 1556 sunt,
536 1481 649 1560 absque
664 1477 797 1540 subsidio
811 1481 981 1540 tabularum
995 1498 1070 1560 quae
1083 1481 1182 1558 ipsam
1196 1477 1304 1538 aedem

199 1573 424 1645 repraesentant
444 1568 558 1646 percipi
579 1569 712 1645 possint,
732 1567 868 1625 maxime
891 1585 961 1626 oum
984 1565 1115 1624 tabellae
1134 1565 1206 1624 illae
1226 1584 1303 1645 quas

201 1651 316 1732 profert
334 1651 508 1730 Ducangins
526 1654 626 1711 minus
646 1663 802 1710 accuratae
818 1661 995 1710 censeantur
1010 1651 1082 1709 viris
1099 1647 1210 1724 doctis,
1231 1648 1303 1710 ideo

200 1735 253 1797 hic
266 1739 398 1817 quiaque
413 1738 539 1796 tabellas
554 1756 571 1795 a
585 1737 716 1797 Grelotio
731 1735 896 1798 delineatae
909 1755 1075 1816 proponere
1088 1737 1211 1815 placuit,
1228 1755 1304 1816 quas

202 1820 327 1903 quidem
340 1825 576 1883 accuratissimas
591 1843 655 1882 esse
669 1832 807 1882 asserunt
820 1824 878 1882 viri
888 1820 997 1881 eruditi
1012 1833 1042 1880 et
1055 1819 1304 1880 architectonicas

201 1910 275 1968 artis
296 1908 403 1987 periti,
426 1911 479 1989 qui
502 1907 610 1968 aedem
631 1905 818 1988 Sophianam
841 1905 894 1967 diu
916 1910 976 1986 ipsi
998 1908 1093 1968 oculis
1111 1907 1304 1987 contemplati

198 2004 280 2053 sunt.
324 2003 355 2051 et
375 1995 472 2072 prima
494 1992 619 2075 qnidam
631 1995 744 2053 tabells
761 1991 1010 2074 ichnographism
1027 1990 1110 2052 aedis
1124 1993 1156 2051 S.
1171 1991 1305 2072 Sophiae

199 2077 341 2154 exhibet,
363 2078 495 2138 secunda
515 2089 707 2160 prospectum
725 2081 907 2139 exteriorem
924 2078 1186 2158 septentrionalem
1203 2089 1233 2138 et
1250 2098 1305 2138 oo·-

199 2164 338 2239 ciduum,
366 2169 454 2224 tertia
482 2177 675 2245 prospectum
702 2167 883 2224 exteriorem
908 2162 1149 2226 meridionalem.
1198 2175 1305 2246 quarta

200 2261 302 2308 sutem
321 2249 434 2308 tabella
454 2263 647 2330 prospectum
659 2253 834 2310 interiorem
848 2248 983 2309 eiusdem
996 2247 1078 2309 aedis
1091 2269 1194 2309 versus
1211 2250 1304 2308 altare

199 2344 414 2414 repraesentat.
463 2339 569 2415 quinta
600 2335 730 2416 denique
755 2345 947 2415 prospectum
976 2337 1103 2395 alienam
1129 2337 1306 2394 interiorem

199 2424 296 2500 ipsius
322 2417 424 2491 aedis,
447 2421 534 2480 altari
556 2419 733 2495 adversum,
755 2441 790 2481 ac
814 2424 890 2480 ostia
912 2440 1017 2481 versus
1038 2417 1173 2481 exhibet.
1221 2419 1306 2480 hisce

200 2516 303 2565 autem
329 2506 449 2564 tabellis
474 2526 624 2586 apponere
647 2508 747 2565 visum
770 2518 816 2567 est
836 2506 1000 2567 earundem
1017 2508 1250 2587 explicationem
1266 2508 1306 2566 ab

201 2589 311 2651 eodem
341 2591 474 2651 Grelotio
503 2593 618 2652 Gallico
650 2590 795 2651 idiomate
826 2596 1052 2653 conchanatamt
1082 2611 1156 2651 nam
1177 2611 1217 2651 ns
1240 2595 1307 2653 eius

200 2678 292 2737 verba
305 2678 413 2736 Latina
428 2678 560 2738 lacerem
573 2680 664 2739 amici
677 2698 835 2739 monuere.

93 2949 118 3005 P
134 2947 187 3007 746
269 2945 540 3007 mnemon
559 2944 637 3005 ΒΕΘ
657 2948 826 3010 nnnvms
846 2948 913 3023 0111
933 2946 1039 3009 som*
1058 2947 1114 3009 lu
1134 2948 1240 3010 ΡῙιΔΝ

210 3066 215 3074 ’
548 3067 612 3128 ,ΒΕ
634 3066 781 3128 santra
803 3068 956 3129 ΒθΡΗῙΕ.

202 3236 239 3309 ela
258 3234 305 3293 Le
328 3233 433 3293 millen
454 3233 492 3293 de
514 3234 628 3316 llglr’re
648 3236 686 3296 de
711 3237 816 3297 Salate
838 3236 949 3317 Sophia
970 3238 1091 3296 osuven
1110 3238 1185 3298 sirm
1202 3236 1310 3319 grand

288 3319 388 3391 dome,
412 3322 466 3399 qni
478 3331 519 3377 est
531 3318 552 3379 ὰ
565 3342 599 3380 ee
613 3342 671 3403 qne
683 3322 746 3381 l'on
759 3326 805 3383 dit
818 3324 855 3383 de
865 3326 966 3403 piem
972 3344 1082 3403 ponae.
1132 3324 1172 3383 00
1186 3324 1272 3383 ddme
1285 3344 1308 3383 a

288 3404 424 3463 dar-huit
443 3408 529 3463 loires
546 3406 583 3466 de
598 3408 750 3467 diametra.

201 3492 231 3550 A
255 3490 335 3549 o'est
349 3490 489 3548 l'endroil
501 3488 541 3550 ori
556 3497 640 3552 estoit
651 3494 797 3573 benefitia
812 3492 840 3551 le
856 3494 922 3553 seed
934 3492 1019 3552 autel
1031 3492 1068 3552 de
1081 3502 1154 3551 celis
1167 3492 1269 3575 dglire.

201 3578 228 3635 B
248 3577 295 3635 Le
310 3575 449 3633 melrabe
461 3577 513 3635 des
533 3580 640 3653 Three,
658 3580 730 3639 e¹est
743 3600 856 3639 comme
867 3580 933 3639 leur
940 3580 1037 3652 autel,
1051 3599 1117 3637 vers
1129 3579 1231 3661 lequel
1240 3590 1308 3637 tous

285 3660 329 3719 les
342 3662 556 3723 Mahonretons
567 3686 598 3724 es
611 3677 750 3725 tament
758 3686 841 3747 pour
846 3666 934 3745 sar're
947 3666 1013 3724 leur
1020 3664 1133 3745 prilrs;
1154 3666 1181 3723 il
1193 3665 1311 3747 sstsait

285 3748 323 3806 de
334 3767 442 3805 meante
453 3750 566 3829 qn'nne
581 3752 671 3811 niele
686 3752 765 3811 dana
782 3752 913 3832 laquelle
929 3772 968 3811 on
983 3762 1043 3809 met
1057 3750 1229 3810 l'Alccran.
1275 3748 1310 3810 Il

286 3833 414 3912 regards
430 3836 463 3892 la
478 3837 606 3916 Mecqrre
619 3835 660 3897 ori
673 3850 716 3897 ert
730 3837 759 3896 le
776 3836 914 3898 tombeau
929 3838 966 3897 de
981 3836 1152 3911 Maioma,
1173 3856 1240 3897 vera
1254 3838 1309 3919 qui

286 3928 381 3977 tontes
395 3918 439 3978 les
452 3922 613 4005 Mosquler
626 3935 694 3983 sont
709 3925 856 3985 numen.
1265 3925 1269 3939 ⁴

202 4082 407 4094 ...ιι-

269 4174 304 4247 *)
338 4177 526 4233 Recentiorun
542 4177 611 4231 adde
626 4178 807 4248 Gibbonem(
864 4176 957 4249 Ao),
975 4174 1111 4232 nassum
1150 4173 1234 4230 noris
1247 4172 1310 4228 dall'

202 4245 511 4387 {apptattunssp-
533 4248 619 4319 121),
649 4247 812 4321 alphanus
858 4246 928 4305 als
955 4246 1110 4319 Mutina(
1200 4244 1309 4300 Oneon
