3000 4850
227 296 255 369 6
499 289 772 364 Meurnonus
798 289 1063 362 ceonredus

228 472 286 538 τοῦ
305 465 457 556 προίδρου
482 460 697 554 περιβάλλεται
720 462 883 552 στέφανον.
939 463 1081 554 Κρίσπον
1106 461 1142 532 δὲ
1163 463 1337 553 οτραινγγδν

230 572 408 638 ἀποστέλλει
429 566 650 659 χειροτονήσας
677 574 738 635 τῶν
770 569 801 634 δν
821 567 1030 660 Καππαδοκίᾳ
1054 565 1336 656 ίκστριιτευμάτοιν.

231 676 295 742 ἐπεὶ
314 670 387 758 δδή
407 672 496 761 φήμη
513 673 631 739 διίδεεν
646 667 689 748 ὥς
700 669 825 760 Πίρσαι
845 671 895 736 int
912 667 1086 756 Ῥωμαίους
1106 668 1335 760 στρατεάουσιν,

153 795 177 850 P
193 793 212 851 5
225 772 408 865 Ἡράκλειος
421 778 455 842 la
472 777 642 858 Βυζαντίου
656 774 736 861 άρας
756 774 841 864 παρά
857 773 995 860 Κρίσπον
1010 775 1090 841 κατὰ
1103 773 1160 860 τήν
1174 777 1334 862 Καίσαρος

228 878 318 947 πάλιν
333 886 499 964 τηνικαῦτα
513 878 702 966 τυγχάνοντα
717 872 958 968 προσπορεάεται
973 874 1015 956 ὡς
1033 877 1074 974 δή
1090 877 1174 968 αὐτῷ
1187 881 1256 968 περὶ
1273 885 1358 948 τῶνῖι

229 989 339 1052 κοινῶν
355 982 451 1050 ἕνεκεν
465 979 716 1066 βουλευσάμενος.
754 984 807 1048 καί
821 978 856 1060 ἃς
866 981 923 1066 μὲν
935 990 1033 1050 νοσεῖν
1044 992 1264 1070 προσεποιεῖτο,
1283 983 1335 1048 καλ

229 1088 285 1156 τδν
305 1085 435 1171 βασιλία
457 1092 576 1172 συχνοῖς
596 1083 725 1168 ἠκούετο
743 1082 787 1162 ιδς
809 1087 862 1152 καὶ
882 1087 1092 1174 διελοιδορεῖτο
1108 1083 1211 1176 αὐτῷ·
1232 1081 1336 1173 Ἡράι

231 1197 332 1268 κλειος
348 1189 382 1256 δὲ
396 1189 432 1256 τδ
446 1192 553 1277 δρᾶμα
568 1195 695 1272 συνῆκε,
729 1189 782 1254 καί
793 1188 850 1272 τήν
860 1185 951 1276 ὕβριν
966 1186 1051 1275 δμιυς
1065 1186 1185 1276 ήνεγκε,
1210 1191 1262 1254 καὶ
1273 1186 1335 1273 ἤδη

231 1289 478 1382 διαιρορυλάκει.
528 1291 603 1358 ἀλλ’
624 1290 726 1372 ίδοξεν
740 1292 817 1370 τέως
834 1287 1037 1380 γνησιώτεράν
1055 1315 1121 1370 πως
1141 1293 1336 1379 διολίγεσδαι

230 1399 369 1485 περὶτοῦ
384 1398 447 1462 δεῖν
463 1404 558 1462 ποιεῖν
571 1391 648 1484 δπδρ
662 1389 804 1480 ἀλλήλοιν
818 1400 874 1482 τῆς
888 1397 1042 1472 πολιτείας
1052 1391 1156 1484 χάριν.
1206 1391 1222 1462 δ
1236 1395 1269 1462 δὲ
1283 1390 1380 1462 aiolo

230 1495 430 1578 ἐπιτωθάζων
443 1497 499 1566 οὐκ
516 1499 584 1578 ίξδν
598 1502 725 1582 βασιλεῖ
742 1495 857 1586 ἔφασκε
882 1496 1120 1582 καταλιμπάνειν
1131 1499 1272 1582 βασίλειοι
1283 1500 1337 1565 καί

230 1611 299 1680 ταῖς
313 1598 421 1689 πδρρω
434 1597 640 1690 ἐπιχωριάζειν
655 1598 831 1685 δυνάμεσιν.
883 1601 915 1673 la·
927 1596 1048 1680 ταάτοις
1063 1603 1194 1670 τίκτεται
1207 1611 1279 1680 παῖς
1291 1607 1337 1690 τῷ

188 1712 213 1770 Β
230 1710 356 1789 βασιλεῖ
365 1701 565 1794 Ἡράκλειος,
590 1703 627 1772 δν
645 1705 753 1789 δήκαὶ
767 1706 998 1774 Κιονοταντῖνον
1010 1701 1162 1788 ὠνόμασε.
1211 1703 1280 1772 τδτε
1294 1703 1336 1790 δή

228 1808 429 1896 παραγίνεται
439 1810 491 1874 καὶ
504 1805 643 1891 Νικήτας
659 1805 747 1894 δτήν
761 1807 849 1888 ἀξίαν
865 1809 1024 1897 πατρίκιος
1038 1807 1116 1896 πρδς
1130 1809 1165 1874 τδ
1180 1809 1337 1892 βασίλειαν

230 1911 320 1979 toro.
372 1911 426 1977 διδ
438 1917 529 1980 τοῦτο
541 1909 727 1999 Ἡράκλειος
736 1913 780 1990 είς
792 1911 826 1978 τδ
844 1909 1014 1992 Βυζάντιον
1029 1909 1177 1992 ίπάνεισι,
1205 1914 1257 1978 καὶ
1274 1916 1379 1980 iva-15

229 2013 327 2100 κήταν
348 2014 407 2083 oio
427 2020 503 2102 τιμῇ
521 2017 650 2103 μεγίστῃ
672 2016 725 2082 καί
740 2017 921 2106 περιφανείρι
942 2011 1044 2102 ὥσπερ
1066 2013 1200 2102 άδελφδν
1213 2012 1337 2102 γνήσιον

229 2119 282 2184 καί
298 2115 447 2204 ὁμότιμον
461 2117 596 2203 δέχεται,
621 2118 707 2185 κυθδ
721 2108 761 2204 ἦν
777 2118 882 2197 αὐτοῖς
893 2117 953 2202 ήδη
969 2117 1206 2204 συντεταγμένον
1219 2118 1253 2182 ἐκ
1268 2120 1338 2182 Λι-

228 2218 309 2306 βάης
322 2221 514 2309 ἀπαίρουσιν.
553 2224 606 2288 καί
617 2223 757 2310 Κρίσπος
771 2221 805 2288 δδ
818 2222 861 2300 είς
871 2218 1040 2301 Βυζάντιον
1056 2211 1128 2304 ήκεν
1145 2217 1187 2300 ὡς
1203 2227 1243 2308 τῇ
1255 2217 1339 2286 είσδ-

229 2327 278 2413 dap
292 2319 416 2408 Νικήτα
428 2320 710 2408 συνησθησόμενος.
760 2320 926 2409 σκήπτεται
949 2325 983 2391 δὲ
1001 2319 1184 2411 Ἡράκλειος
1199 2330 1244 2412 τῷ
1258 2324 1339 2414 θείῳ

230 2432 350 2516 λουτρῷ
362 2427 416 2493 τδν
428 2427 497 2493 vido
509 2428 713 2514 καθαγνίζειν,
727 2428 941 2498 υδοδετεῖσδαι
955 2429 990 2495 δὲ
1004 2427 1098 2495 atrio
1108 2422 1168 2493 δπδ
1184 2429 1383 2516 Kosmou-20

228 2525 247 2595 δ
262 2530 297 2597 δὲ
307 2529 357 2595 lui
368 2526 487 2609 τοάτοις
500 2530 665 2620 είσίρχεται
681 2534 725 2609 είς
738 2530 780 2597 τά
793 2532 945 2617 βασίλεια.
979 2526 1163 2620 Ἡράκλειος
1176 2522 1212 2597 δὲΙ
1225 2531 1338 2617 clipei-

188 2644 215 2702 0
229 2656 289 2713 σας
299 2632 374 2712 ταδς
388 2633 422 2699 ἔκ
433 2639 489 2718 τῆς
502 2631 673 2721 συγκλήτου
686 2640 804 2719 βουλῆς
818 2633 957 2715 ἅπαντας
970 2637 1023 2703 καί
1035 2634 1092 2719 τήν
1105 2632 1202 2719 άλλην
1215 2632 1340 2719 πληθὺν

298 2824 405 2899 laeup'
421 2824 513 2887 αάτοιῖ
529 2847 578 2902 πρ.
592 2832 615 2887 Ρ
684 2830 703 2885 6
718 2826 941 2902 βουλευσάμενος
956 2827 980 2885 Ρ
1048 2828 1086 2884 20
1100 2826 1299 2885 υλοτεδεῖτδαι
1314 2828 1338 2885 Ρ

229 2999 355 3057 οίεπιλυτ
373 3006 432 3072 eat,
451 3006 481 3057 et
494 3002 530 3057 ab
542 3001 601 3087 ipao
614 3000 768 3075 patriarcha
781 3006 932 3058 eoronam.
967 2998 1064 3071 quibus
1081 2998 1197 3071 per-aetia
1213 2998 1338 3071 crispio

228 3069 322 3126 duoeru
339 3070 440 3141 eiigeua
453 3070 611 3127 militanbaa
624 3072 723 3145 copiis,
747 3087 817 3143 quae
831 3072 861 3127 iu
874 3070 1045 3143 cappadocie
1062 3076 1154 3139 eraut,
1172 3071 1338 3141 praeposuit.

115 3156 143 3195 a.
160 3140 212 3201 611
229 3141 281 3195 aab
297 3140 365 3196 haee
384 3158 443 3195 oum
458 3140 511 3195 iam
527 3143 562 3196 de
577 3140 719 3197 Portarum
742 3140 772 3195 iu
787 3140 922 3199 Romanoa
943 3138 1114 3211 expeditione
1135 3140 1205 3194 faura
1227 3157 1339 3210 perore-

228 3208 348 3278 buiaaet,
370 3208 512 3265 Heracliae
530 3209 612 3281 cpoli
626 3210 733 3265 aolrena
749 3210 785 3266 ed
800 3210 938 3295 Oriapuru,
964 3208 1012 3279 qui
1029 3209 1179 3263 Caesareae
1195 3216 1250 3261 tum
1269 3217 1338 3278 erat,

227 3278 383 3350 euutaudit,
409 3284 440 3333 ut
456 3295 515 3338 tum
531 3297 564 3335 eo
582 3279 617 3334 de
636 3296 668 3335 re
680 3278 787 3351 publiea
800 3277 938 3334 oonarlium
950 3286 1070 3348 caperet.
1106 3285 1135 3333 at
1154 3276 1200 3331 ille
1217 3278 1336 3335 morbum

227 3347 383 3415 simulabat3
410 3355 439 3402 et
455 3364 503 3403 eae
522 3366 538 3404 e
554 3349 635 3403 etiam
654 3348 812 3403 audiebatur
828 3365 886 3403 eum
903 3346 1090 3419 imperatorem
1103 3345 1231 3401 convitiis
1246 3346 1337 3401 inoes-

228 3422 312 3471 aeret.
346 3434 398 3473 nea
408 3415 439 3471 11
520 3434 562 3473 στα
579 3418 637 3473 eiua
650 3417 761 3473 oouailia
775 3416 911 3473 latebantr
927 3416 976 3471 aed
992 3414 1157 3471 dissimulare
1170 3416 1198 3469 in
1211 3433 1340 3486 praeeeue

229 3486 413 3542 eoutumeliam
428 3486 564 3543 nauiter
580 3494 757 3557 opportunum
772 3494 876 3560 tempus
893 3492 1060 3557 exspectare.
1077 3485 1184 3539 iuterim
1199 3502 1266 3539 vero
1279 3502 1339 3540 euru

229 3569 263 3609 ao
272 3554 386 3625 paoifioe
397 3554 521 3626 colloqui,
539 3555 695 3627 hortarique
710 3563 742 3612 ut
758 3558 795 3612 ad
811 3572 889 3626 opem
901 3554 942 3610 rei
954 3556 1076 3626 publioaa
1091 3554 1227 3609 serendam
1240 3554 1340 3611 mutulo

228 3638 260 3678 ae
277 3623 374 3693 opibaa
390 3625 559 3679 adiuvarent.
594 3624 707 3697 Oriapua
729 3643 795 3681 vero
838 3624 897 3681 uari
919 3623 1045 3679 derideue
1059 3619 1131 3679 “nou
1150 3618 1231 3678 licet”
1251 3624 1342 3695 iuquit

114 3710 140 3749 a.
158 3694 213 3755 612
227 3685 362 3764 “principi
376 3712 393 3748 e
405 3692 505 3766 palatio
520 3694 659 3750 disteden
674 3700 704 3750 et
718 3695 747 3748 iu
764 3694 915 3766 longinquis
932 3692 1094 3748 exercitibus
1108 3688 1237 3763 degere?
1251 3694 1339 3747 inter-

229 3778 264 3816 ea
281 3761 409 3818 Heraclio
431 3763 587 3835 imperatori
607 3764 677 3820 filiua
695 3764 833 3835 parcitur,
859 3781 938 3834 quem
954 3763 1155 3818 Constantinum
1177 3762 1341 3829 uouduarita

229 3830 377 3901 eodemque
398 3837 518 3903 tempore
534 3832 646 3888 Nicetaa
697 3832 791 3889 tritine
813 3834 848 3888 ad
866 3834 958 3889 urbem
977 3830 1062 3887 veuit.
1098 3848 1182 3903 quare
1197 3831 1341 3887 Heraclius

228 3900 322 3954 eodem
344 3900 502 3966 revertitur3
527 3900 621 3972 ibique
666 3910 778 3972 roetam,
804 3910 928 3973 tunquam
952 3918 1104 3985 germanum
1126 3902 1236 3957 fratrem
1257 3910 1342 3973 atque

226 3968 335 4041 imperii
351 3969 519 4041 participem,
535 3988 630 4042 magno
648 3989 707 4026 eum
721 3972 824 4027 honore
840 3980 869 4027 et
882 3970 1079 4041 magnificentia
1090 3970 1197 4042 recipit.
1214 3970 1255 4025 aie
1268 3970 1340 4025 euin

226 4038 299 4093 inter
315 4056 363 4094 eor
380 4047 560 4110 convenerat,
586 4058 639 4111 quo
663 4049 785 4112 tempore
802 4058 836 4095 ex
853 4040 946 4095 Africa
961 4040 1210 4112 proficiscebantur.
1244 4040 1295 4095 aad
1312 4046 1343 4095 et

227 4107 341 4179 Criepue
355 4108 514 4178 Byzantium
528 4110 661 4180 pervenit,
678 4117 709 4163 ut
724 4112 760 4165 de
776 4110 894 4164 adventu
906 4108 1022 4165 Niceten
1037 4110 1225 4181 gratularetur.
1248 4110 1342 4167 Hert-

226 4176 295 4231 cliur
317 4193 383 4233 veru
404 4194 463 4232 cum
483 4176 568 4231 filium
584 4196 660 4233 euuru
676 4178 769 4233 diviua
785 4178 892 4234 lavacro
910 4178 1014 4249 tingere
1031 4198 1063 4235 ae
1076 4179 1173 4249 Crispo
1190 4178 1342 4265 surripien-

226 4247 290 4301 dun
309 4246 376 4303 dare
394 4246 464 4303 velle
480 4246 646 4319 simulasset,
671 4255 700 4302 et
721 4248 746 4302 ia
769 4249 803 4303 ob
820 4266 878 4303 earu
895 4266 1000 4303 cautum
1018 4249 1046 4303 in
1067 4248 1192 4319 palatium
1212 4257 1344 4317 vomeret,

228 4314 355 4372 unirerao
372 4322 468 4374 acuatu
484 4334 516 4373 aa
531 4315 636 4389 reliqua
649 4315 747 4373 civium
762 4317 930 4375 multitudiue
945 4317 1063 4389 collecta,
1083 4335 1135 4373 uua
1151 4336 1209 4374 auru
1225 4317 1344 4393 patriar·
