3000 4850
440 346 495 414 AD
521 344 803 415 NICEPHORUM
826 344 980 415 NOTAE.
1188 346 1262 420 12⁷

242 534 274 594 p.
288 513 330 577 58
342 533 371 573 v.
385 517 418 580 6.
460 530 559 593 nequa
582 509 634 571 hic
658 512 741 572 loeus
768 512 843 571 sitio
865 494 956 572 caret.
998 511 1161 593 legendam
1185 516 1261 574 forte

157 594 201 665 ds’
223 594 325 662 adesir
346 595 575 677 πιστωσὸμενος.
618 599 811 676 magistratus
828 617 933 656 omues
950 617 1010 656 uua
1024 596 1094 658 cum
1110 603 1260 661 Genuano

157 682 327 765 patriarcha
341 686 484 743 Nicaeam
498 681 607 742 deduci
620 684 712 758 iubet,
734 693 770 742 ut
781 686 821 741 iis
836 686 1003 763 conspectis
1016 687 1193 745 Anastasius
1207 706 1261 745 ca-

158 782 242 852 ptssn
264 790 330 829 esse
352 770 472 849 cpolim
495 772 594 827 sciret.
646 771 690 827 itu
705 766 912 848 Theophanes
926 768 980 847 (p.
995 773 1057 833 828
1076 770 1132 849 0).
1174 791 1265 851 porro

158 855 265 916 eodem
278 854 336 915 hoc
349 874 438 930 auno,
454 856 584 933 Augusti
602 855 653 931 11,
675 854 845 914 Germanus
859 874 877 912 e
890 854 1001 935 Cyzico
1016 857 1179 917 translatus
1194 860 1265 917 fise·

158 954 214 1001 rat.
256 940 308 1001 hic
321 941 380 999 fnit
390 943 543 1001 Anastasii
556 940 634 1015 finis,
656 942 710 1021 qui
723 941 885 1020 imperavit
896 959 925 999 s.
941 942 972 1014 1,
991 958 1036 999 sn.
1052 947 1085 1007 3.

242 1080 273 1141 p·
288 1059 329 1124 59
344 1078 373 1118 v.
388 1056 420 1122 4·
463 1053 603 1121 Ινταυτόν
626 1055 699 1138 ἕνα]
727 1058 772 1117 ita
792 1056 980 1139 Nicephorus
1005 1060 1039 1117 iu
1059 1056 1206 1119 Chronico
1229 1028 1263 1118 in

155 1138 263 1225 ’Oudds
277 1137 413 1227 χρόνον,
435 1144 564 1201 Maximi
579 1140 719 1203 chronico
733 1144 881 1219 subiecta,
902 1163 972 1203 cum
986 1142 1187 1225 Theophane.
1231 1154 1263 1203 at

158 1228 293 1289 Zonaras
316 1240 345 1287 et
361 1226 514 1288 cedrenus
531 1248 626 1288 anuos
647 1226 733 1289 duos.
779 1228 834 1289 sed
848 1239 879 1289 et
890 1230 1046 1291 Manassae
1062 1232 1163 1296 4181:
1186 1229 1263 1294 ἔτεσι

157 1310 265 1397 μόνοις
278 1314 311 1380 ὃν
327 1313 398 1377 δνσὶ
415 1308 599 1398 γευσόμενος
612 1318 670 1377 τοῦ
682 1308 824 1398 κρᾶτονς.

243 1434 285 1493 ib.
313 1454 343 1494 v.
366 1432 398 1499 5.
441 1431 533 1497 Atos
553 1430 571 1497 d
591 1432 766 1515 πατρίκιος]
799 1431 838 1492 de
852 1429 943 1493 huius
954 1434 1060 1509 initio,
1081 1434 1158 1494 elcut
1173 1442 1205 1493 et
1222 1432 1262 1493 de

158 1517 1176 1685 affligimini?{iiiitsd'idissiriiiiiss
1189 1541 1262 1677 ’ῗῶἳῖ

159 1694 218 1765 ait,
238 1687 328 1753 Aius
341 1685 403 1753 ded
419 1688 454 1751 sd
470 1694 525 1753 τοῦ
540 1690 683 1767 Μαρτίου
699 1687 798 1769 asnede
816 1695 871 1769 τῆς
891 1688 919 1753 sd
939 1689 998 1753 tot.
1013 1690 1070 1764 ἕως
1083 1688 1177 1770 ponde
1188 1686 1261 1755 'Iou-

157 1776 228 1840 νίσο
246 1772 284 1857 ιη’
298 1778 353 1856 τῆς
366 1770 400 1837 θ’
415 1776 490 1850 tot„
522 1766 701 1851 βασιλεύσας
724 1774 775 1855 ἔτη
796 1768 843 1838 ssd'
861 1779 962 1856 μῆνας
976 1768 1005 1855 d
1020 1773 1134 1855 ἡμέρας
1147 1776 1190 1838 κε’.
1233 1777 1261 1835 si

158 1861 268 1921 Indici.
285 1861 342 1936 15,
371 1862 472 1919 Martii
487 1859 529 1925 25
548 1861 709 1939 imperium
729 1862 842 1942 coepit,
871 1879 968 1919 annus
988 1869 1051 1918 erat
1064 1858 1177 1921 Christi
1188 1866 1260 1931 717,

158 1944 306 2028 desiitque
322 1966 351 2004 a.
364 1948 444 2021 741,
465 1948 532 2004 issu.
551 1945 608 2019 18,
630 1942 697 2003 ind.
712 1946 744 2007 9.
787 1948 890 2025 itaqua
905 1947 1066 2026 isuperavit
1078 1965 1107 2004 a.
1122 1944 1166 2011 24
1182 1950 1261 2009 sn.2

160 2031 190 2092 d.
205 2030 259 2097 24.
301 2030 455 2091 cedrenus
475 2032 609 2089 Zonaras
623 2026 794 2089 Chronicon
815 2031 922 2090 Cierio.
939 2031 1052 2110 aliique
1072 2050 1168 2091 nuuos
1187 2032 1261 2089 toti·

158 2117 232 2178 desn
245 2118 410 2195 assignant.
453 2126 484 2175 at
498 2113 683 2195 Nicephorus
696 2116 728 2173 in
742 2112 854 2176 Chron.
868 2134 896 2175 a.
912 2117 954 2181 25
969 2120 1046 2181 ms
1064 2114 1096 2175 d.
1112 2113 1164 2181 14.
1207 2114 1263 2177 sad

159 2215 191 2262 et·
205 2200 412 2282 Theophanes
425 2218 465 2260 ex
479 2200 568 2260 eard.
580 2202 715 2260 loicusac
730 2198 878 2261 Biblioth.
893 2201 1028 2281 praecise
1042 2221 1071 2260 s.
1087 2202 1140 2269 25.
1175 2221 1263 2261 acce·

158 2287 204 2349 dit
219 2297 251 2348 et
264 2288 474 2347 Constantinus
489 2284 538 2345 his
554 2286 709 2347 versibus:

286 2370 328 2448 otc
339 2364 371 2437 δ’
385 2371 436 2438 issi
447 2367 573 2456 χρόνους
586 2370 680 2437 εἴκοσι
691 2372 748 2437 τοῦ
761 2364 893 2455 τρᾶτονσ
907 2362 1084 2448 duoico'sue

287 2455 346 2522 cdv
360 2455 463 2534 ἄλλοις
474 2458 563 2522 πέντε
577 2460 741 2540 δυσσεβῶς,
761 2452 785 2538 ἢ
799 2460 915 2539 μᾶλλον
927 2454 1128 2538 τυραννήσας.

158 2565 213 2605 nos
229 2565 299 2603 curn
311 2545 514 2604 illustrissimo
529 2545 684 2604 annalium
701 2545 844 2624 scriptore
858 2546 969 2604 heouis
982 2542 1142 2603 exordium
1156 2563 1186 2602 a.
1197 2545 1262 2609 716

158 2632 383 2705 constituimus,
412 2651 482 2690 cum
497 2650 538 2690 cx
551 2631 689 2712 Gregorii
703 2632 739 2688 Ρ.
760 2631 888 2709 epistola
910 2632 974 2688 iam
993 2641 1060 2689 tum
1082 2630 1120 2688 ab
1136 2627 1203 2688 lnd.
1222 2630 1263 2693 14

158 2715 290 2776 eundem
306 2718 470 2794 imperasse
484 2727 617 2790 constet,
639 2735 759 2797 uosque
774 2713 937 2794 Nicephori
948 2712 1106 2793 Chronico,
1127 2713 1211 2796 quod
1222 2711 1263 2772 sd

159 2804 280 2882 imperii
295 2812 414 2882 ternpus
428 2805 543 2875 attinet,
566 2803 708 2860 libentius
719 2803 911 2860 assentimur.

243 2919 284 2980 ib.
309 2941 339 2980 r.
363 2923 412 2983 13.
455 2917 489 2982 dn
507 2941 590 2999 τινος
609 2917 828 2998 δοιμονισκῆς]
858 2915 1006 2978 eiusmodi
1024 2927 1160 2998 portenta
1176 2917 1262 2974 Gno-

158 3007 302 3068 sticorum
323 3016 353 3064 et
376 3001 572 3064 Euchitarum
598 3023 632 3062 ao
655 3001 902 3062 Manichaeorum
925 3003 1108 3064 consuetudo
1132 3007 1260 3084 peperit.

157 3092 196 3153 de
213 3091 321 3174 quibus
335 3088 534 3172 Epiphanius.
577 3088 632 3148 sed
655 3099 685 3148 et
704 3091 823 3149 Psellus
842 3089 865 3147 1.
885 3087 955 3169 περὶ
969 3089 1064 3170 ἔνεον.
1078 3091 1158 3169 ὄνομ.
1173 3109 1203 3168 p.
1218 3091 1260 3152 22

158 3175 208 3237 ed.
221 3197 335 3252 norae,
375 3176 413 3234 ab
433 3173 551 3234 erudito
571 3177 635 3234 viro
648 3175 784 3234 Gilberto
800 3175 962 3237 Gaulsnino
979 3177 1075 3234 arnico
1088 3183 1190 3234 nostro
1204 3173 1262 3234 do-

157 3265 300 3322 ctissimis
318 3264 398 3322 notis
411 3262 581 3343 nuperrime
595 3262 807 3342 locupletatae.

202 3384 331 3532 SSp-32
343 3400 373 3442 v·
387 3383 419 3446 6.
460 3375 709 3468 ποντεκσισετᾶτῃ
732 3375 767 3444 di
787 3382 846 3444 sod
869 3373 1033 3460 εἰσιόντος]
1055 3375 1260 3458 Theophanes

157 3487 189 3549 p.
305 3506 316 3527 .

242 3583 284 3644 s'b.
308 3604 338 3644 τ.
360 3587 413 3648 21.
431 3657 435 3665 ἱ
456 3575 636 3666 Θεοδόσιον]
658 3581 865 3666 Theophanes
881 3580 1093 3644 Theoctistum
1107 3579 1189 3642 hunc
1205 3601 1261 3662 ap-

156 3673 270 3752 pellare
284 3669 412 3745 ridetur,
427 3687 506 3728 enno
520 3671 630 3730 Leonis
645 3671 674 3747 3,
688 3665 976 3751 προτοσσητοήτην,
996 3667 1056 3729 hoc
1070 3679 1116 3729 est
1128 3671 1263 3749 primum

157 3777 176 3816 a
192 3759 324 3817 secretis.
368 3757 430 3815 imo
451 3757 542 3814 etiam
561 3757 652 3835 paulo
670 3766 739 3835 post
753 3753 940 3834 Nscephorus
958 3752 1170 3815 Theoctistum
1184 3773 1263 3813 eun-

158 3840 229 3903 dem
243 3841 387 3922 appellat.
429 3839 551 3900 fuerunt
568 3842 656 3922 epoti
675 3843 861 3902 notariorum
882 3839 1002 3901 ordines
1021 3840 1060 3904 3:
1082 3840 1135 3899 alii
1152 3842 1263 3899 notarii

157 3929 287 4004 tribuni,
310 3927 436 3987 tribunis
449 3929 646 4006 praetorianis
661 3930 799 4008 aequati3
828 3927 881 3984 alii
895 3923 1067 4003 domestici,
1093 3927 1146 4008 qui
1161 3927 1262 4004 impe-

157 4016 249 4074 ratori
268 4013 418 4074 necaretis
432 4023 534 4086 eraut3
556 4014 637 4071 tertii
648 4014 807 4072 inferiores
820 4013 933 4071 tribuni
948 4014 1067 4072 notarii.
1110 4009 1181 4072 ride
1197 4020 1261 4069 not.

157 4096 237 4179 imp.
257 4094 451 4160 Cassiodorus
464 4099 486 4157 l.
505 4103 519 4162 1
537 4099 609 4158 Var.
622 4097 660 4163 42
676 4107 769 4178 pater
780 4101 860 4156 enisu
874 4097 1064 4158 Candsiiauss
1077 4095 1135 4155 sub
1148 4097 1263 4154 Valen-

157 4179 274 4244 tiniano
283 4187 424 4264 principe
433 4186 528 4266 gasss't
541 4181 656 4242 nibuns'
675 4196 704 4242 et
720 4186 835 4244 notar&
853 4183 1051 4243 lustdabds'ter
1068 4181 1258 4262 dignitatem.

155 4269 252 4328 honor
263 4275 319 4352 qui
332 4281 405 4330 tune
417 4269 551 4330 dabatur
563 4271 704 4351 egregiis,
719 4271 794 4330 dum
806 4270 852 4328 ad
861 4269 1017 4348 imperiale
1028 4281 1172 4327 secretum
1186 4269 1262 4326 tales

156 4367 266 4415 muster
288 4357 364 4438 eligi
382 4361 415 4418 in
439 4355 549 4438 paribus
567 4356 803 4438 reprehensurus
825 4358 935 4417 viuum
962 4363 1092 4437 nequeas
1117 4355 1258 4416 τὀνιοὺὶ.
