3000 4850
582 315 790 387 aenaim
813 315 857 386 11.
1199 319 1271 394 159

165 484 298 560 eodone,
319 481 393 547 duan
411 485 528 547 anuas
548 503 591 544 cx
609 491 694 563 parte
711 481 827 545 borcali
845 483 965 564 cpolim
980 499 1154 566 oppugnare
1170 495 1271 550 tenta.

165 583 250 646 sent,
271 573 330 651 ipsi
342 591 384 634 ax
396 581 481 650 parta
495 569 688 630 meridionali
703 589 739 628 sc
751 567 880 631 candem
892 572 1008 650 regiam
1020 572 1127 634 urben
1145 591 1271 656 aggres-

165 677 250 720 suros
264 677 332 720 assa
345 665 557 718 convenerant.
600 652 671 714 vida
685 653 797 713 ibidem
813 675 843 714 v.
858 653 932 718 496.

249 745 304 808 91.
346 745 538 823 sequentinm
549 759 692 802 varenam
706 759 830 802 senam
845 741 994 800 nonsatis
1007 751 1145 820 apertum
1159 744 1204 802 aic
1219 762 1273 804 ac-

168 829 257 906 cipio.
302 848 372 886 cum
387 828 546 886 Heraclius
560 827 672 884 civium
684 821 863 884 dissidentes
879 828 995 884 animos
1010 827 1043 884 in
1058 845 1154 886 unum
1171 829 1273 888 coale-

166 933 250 975 scere
270 913 409 988 fecisset,
429 911 470 974 de
492 908 691 993 reprimendis
711 911 862 970 Abaribna
880 911 1039 990 cogitavit,
1062 930 1097 968 ac
1110 931 1200 992 saepe
1215 932 1272 971 vo-

165 1000 273 1058 luisset
292 1017 349 1078 ope
371 996 474 1058 divina
492 1007 523 1056 et
541 998 667 1078 virginis
690 999 804 1056 Marica
823 997 989 1075 patrocinio
1009 997 1103 1056 fretus
1125 995 1164 1056 ad
1183 1007 1272 1077 pacta

167 1081 314 1143 servanda
335 1103 387 1144 ecs
406 1082 605 1164 compellere3
625 1078 680 1143 sed
697 1101 767 1140 curn
779 1083 811 1139 iu
826 1101 862 1140 eo
877 1092 955 1142 esset
969 1091 1003 1141 ut
1018 1082 1168 1142 Abaribus
1188 1101 1272 1142 arma

166 1169 306 1243 inferret,
338 1169 455 1233 Sclavis
478 1188 519 1231 ax
540 1168 601 1228 alia
618 1177 703 1246 parte
719 1168 888 1226 Romanam
907 1165 1058 1226 dicionem
1074 1167 1272 1244 vastantibus¹

167 1264 270 1313 contra
289 1257 372 1333 ipsos
394 1272 549 1315 occurrere
563 1264 593 1312 et
606 1252 644 1312 ab
656 1254 776 1333 incepto
791 1249 932 1315 desistere
954 1253 1126 1332 cogebatur.
1170 1254 1272 1334 itaque

168 1337 352 1420 Charybdis,
381 1350 538 1419 utsupra,
568 1348 614 1399 est
632 1338 767 1398 Abacum
788 1340 888 1412 natio;
920 1339 986 1420 lupi
1010 1347 1080 1398 sunt
1102 1338 1204 1396 Sclavi
1221 1337 1272 1396 vel

166 1427 293 1483 Persae:
322 1436 353 1483 at
371 1427 493 1503 Gorgon
515 1421 566 1481 hic
585 1442 648 1481 non
667 1433 713 1483 est
733 1433 922 1500 monstrum,
948 1422 1003 1482 sad
1023 1425 1125 1502 imago
1145 1425 1271 1502 virginis

166 1511 298 1586 Mariae,
321 1511 407 1569 cuius
425 1529 483 1589 cpe
500 1510 656 1568 Heraclius
677 1512 740 1567 iam
755 1517 842 1568 antea
855 1519 1018 1589 tyram
1032 1506 1167 1568 Phocam
1183 1507 1270 1568 devi-

167 1605 259 1654 cerat.
303 1595 407 1654 canter
425 1613 521 1672 aupm
536 1613 566 1652 v.
581 1597 621 1656 12
639 1603 669 1651 at
684 1613 766 1674 seqq.
770 1637 784 1666 ,
806 1603 838 1653 et
860 1597 963 1654 omnia
986 1602 1088 1671 erunt,
1110 1597 1144 1652 ui
1168 1593 1269 1670 fallor,

168 1680 260 1759 plana
279 1691 310 1738 et
324 1678 550 1738 difficultatibus
563 1677 716 1756 expedita.

254 1767 307 1830 97.
345 1766 595 1846 apruicrlvdvsov
616 1764 677 1823 fuit
695 1764 812 1823 bellum
833 1763 1014 1823 Abcrioum:
1046 1781 1179 1846 namque
1208 1785 1270 1826 uno

168 1847 339 1931 eodemque
355 1860 492 1930 tempore
514 1859 616 1908 contra
627 1858 688 1908 tres
702 1847 805 1908 hostes
813 1893 822 1926 ,
841 1849 957 1909 Abares
972 1850 1095 1912 Sclavos
1109 1860 1140 1908 et
1152 1853 1270 1927 Penas,

168 1933 376 1994 dimicandum
392 1936 453 1995 fait
466 1935 642 2014 Gpclitanis.

256 2021 327 2083 101.
370 2039 449 2080 anno
472 2021 512 2083 11
533 2021 655 2099 imperii
671 2022 719 2079 sui
737 2019 894 2078 Heraclius
913 2039 1021 2100 pacem
1039 2039 1108 2079 cum
1127 2017 1275 2100 chagano

169 2105 304 2164 Abacum
315 2105 392 2166 dncc
408 2107 586 2184 composuit,
605 2115 642 2164 at
654 2116 758 2164 contra
776 2103 942 2166 chon-cam
957 2116 1198 2183 emansorem,
1222 2107 1275 2210 gui
1376 2167 1380 2184 1

169 2188 315 2294 dragmis
334 2195 374 2278 τῇ
396 2191 468 2277 slep
485 2184 587 2254 svistrs
607 2189 643 2254 ἐν
666 2195 712 2274 τῷ
731 2194 900 2254 καθεστῶτι
920 2185 1001 2253 εἶναι
1019 2183 1167 2268 vicisima.
1207 2211 1275 2258 sest

168 2274 340 2356 Ἦρακλιιος
365 2279 460 2356 ζῆλον
477 2278 559 2338 decri
572 2268 738 2357 α’ναλαβόν
748 2275 804 2338 aci
816 2271 887 2356 paea*
901 2279 965 2338 sois
977 2269 1121 2357 ’aptans
1135 2273 1275 2356 εἰρηνεύ-

170 2379 241 2442 aas,
264 2359 306 2436 de
326 2356 478 2443 δαόματιν,
502 2355 682 2444 cunae
702 2355 743 2424 αῖ
762 2354 970 2444 mutiam
984 2367 1042 2441 τῆς
1059 2353 1214 2446 Eisdem
1231 2362 1275 2437 dc

168 2442 226 2526 saia
243 2440 365 2524 Ἀσίαν,
385 2446 440 2510 aci
461 2448 606 2513 &nocito
621 2451 662 2531 τῇ
680 2450 737 2510 τοῦ
760 2450 841 2511 θεοῦ
855 2448 1014 2532 συνοργείᾳ
1027 2444 1104 2511 acaci
1123 2448 1276 2531 Περσίδος

168 2535 316 2615 χωρῆσαι.
356 2535 399 2592 ita
412 2529 620 2612 Theophanes
629 2553 669 2611 p.
683 2531 757 2598 251.

255 2619 329 2683 loa
371 2638 451 2680 anno
469 2619 602 2679 Heraclii
625 2620 665 2685 11
688 2628 839 2693 exeunte,
859 2614 961 2677 hieme
983 2629 1086 2679 cutem
1103 2628 1273 2697 appetente,

169 2702 326 2763 Heraclius
350 2705 385 2763 in
407 2722 493 2764 oram
515 2704 681 2764 Asiaticam
699 2704 846 2783 Byzantio
870 2705 1039 2782 oppositam
1060 2706 1199 2778 secessit,
1220 2704 1285 2765 ubi'

170 2806 267 2872 usqne
284 2786 324 2847 ad
340 2787 423 2849 hcm
438 2799 580 2870 quartum
591 2791 705 2849 mansis
719 2788 834 2870 Aprilis
849 2790 1002 2868 sequentis
1017 2790 1091 2849 anni
1105 2808 1276 2849 commora-

169 2882 219 2931 tus
239 2882 296 2932 est.
337 2885 410 2935 tunc
429 2877 512 2933 enim
529 2870 716 2954 crucensis
729 2871 839 2957 ἑορτήν
855 2876 912 2941 sori
927 2866 1030 2957 πάσχα
1045 2872 1184 2955 inicam
1197 2867 1275 2937 sacci

172 2959 331 3042 Περσίδος.
372 2957 555 3039 Theophan.
566 2980 602 3037 p.
617 2958 693 3023 263.

256 3044 330 3109 110.
369 3045 568 3124 Du-Cangius
590 3043 676 3123 Cpol.
697 3042 808 3104 Ussit.
825 3042 879 3103 lib.
895 3042 918 3109 4
934 3065 961 3103 c.
978 3044 1019 3107 13
1037 3044 1149 3123 palatia
1164 3043 1275 3102 subur-

170 3129 249 3191 bana
267 3132 483 3208 imperatorum
503 3149 678 3204 recemana,
703 3130 851 3209 palcnun
870 3126 1069 3190 chalcedonia
1082 3140 1113 3189 et
1125 3129 1278 3191 suburba-

170 3233 246 3271 num
266 3212 466 3275 chalcedonia
483 3218 630 3275 nominat.
673 3215 830 3274 Heraclius
846 3217 879 3273 in
892 3214 1099 3275 suburbanum
1118 3217 1277 3291 coacescit,

171 3302 256 3358 cuius
271 3297 504 3380 descriptionem
515 3302 602 3361 nobis
616 3301 738 3381 reliquit
749 3302 936 3361 Sozomenus
949 3301 1003 3360 lib.
1018 3304 1039 3367 8
1053 3320 1080 3357 c.
1095 3301 1147 3367 17.
1184 3310 1276 3380 atquc

170 3382 204 3449 id
224 3385 315 3464 plane
336 3397 383 3448 est
406 3386 631 3461 suburbanum,
656 3385 739 3468 quad
757 3389 862 3465 paucis
885 3383 998 3445 abhinc
1019 3387 1107 3445 annis
1129 3386 1276 3445 Sal-barus

170 3470 284 3529 Persici
308 3474 457 3531 exercitus
481 3471 546 3531 dux
569 3474 660 3531 anuis
682 3482 712 3531 et
730 3475 803 3551 igne
824 3482 1012 3531 vastaverat:
1033 3490 1106 3529 nam
1127 3468 1280 3535 chronice

170 3554 379 3619 Alexandrino
409 3566 485 3617 teste
505 3579 542 3635 p.
563 3560 645 3632 896,
683 3578 754 3618 cusa
773 3555 997 3619 ebuoedcnem
1017 3556 1069 3617 illa
1094 3559 1278 3630 accessisset,

170 3638 271 3703 adsto
285 3638 322 3705 td
337 3636 504 3724 προάστεια
523 3641 576 3709 aad
594 3639 669 3717 socie
688 3638 866 3725 η’κτηρίους
883 3642 989 3718 oleove
1008 3640 1154 3702 hccndit.
1198 3652 1280 3703 certa

171 3728 323 3791 stenem
343 3730 506 3808 palatium,
528 3728 694 3809 quoderat
713 3739 797 3790 nens
819 3730 932 3791 fratum
954 3726 1186 3790 celeberrimam
1205 3728 1279 3788 sub·

170 3811 339 3887 camum,
359 3812 411 3876 hic
427 3834 491 3875 non
510 3812 651 3893 designat
670 3815 792 3891 emta,
815 3817 868 3895 qui
885 3814 923 3875 de
940 3814 1059 3893 nepae.
1083 3815 1101 3879 1
1125 3814 1186 3879 157
1206 3812 1283 3873 dicit

170 3898 362 3975 Heraclium,
401 3920 472 3961 can
496 3919 661 3963 conscensa
689 3904 764 3965 navi
785 3903 817 3963 in
841 3898 999 3965 Persidem
1017 3900 1091 3974 irat,
1128 3902 1282 3959 Herceum

170 3989 458 4065 praeternavigare.

257 4070 331 4139 112.
372 4074 511 4151 respicit,
531 4075 654 4152 opinor,
677 4070 718 4131 ad
735 4072 813 4133 fasta
833 4071 1004 4145 brumalia,
1039 4088 1116 4150 qnae
1138 4063 1282 4127 kalendis

171 4156 318 4214 ianuariis
338 4157 524 4236 incipiebant
546 4170 576 4219 et
595 4177 794 4237 magnacum
816 4157 1005 4217 solemnitate
1021 4153 1246 4215 celebrabantur
1259 4168 1279 4207 a

170 4240 288 4303 civbus
308 4251 340 4301 et
358 4244 607 4323 imperatoribus:
630 4246 743 4305 etenim
762 4264 818 4323 per
832 4262 883 4303 cos
897 4240 963 4303 dies
977 4251 1062 4300 erant
1075 4236 1140 4297 ludi
1155 4238 1277 4295 Circen-

171 4343 235 4402 ses,
260 4329 399 4387 convivia
414 4339 444 4387 et
458 4331 634 4409 largitiones
645 4329 796 4409 publicae.
842 4326 952 4391 videsis
968 4324 1183 4403 nu-caugnm
1198 4320 1284 4381 Lea.⁴
