3000 4850
472 316 473 321 ‘
513 316 523 331 '
591 347 835 418 emmeno.
1245 374 1269 423 v

164 504 195 577 o'
227 512 370 595 βασιλεῦ,
404 510 598 595 μοίομβαφές
619 512 741 579 aridolus
762 512 872 593 είλίξοὲ
891 511 975 581 radda
994 512 1114 599 βοίψαις
1131 514 1266 602 ianitoris

163 618 328 697 Πιροιιιιῖν
349 614 381 691 ἔξ
402 610 547 697 cipriane.
591 618 762 699 exquibus
785 620 919 699 quinque
932 618 1042 679 iambis
1059 619 1133 681 duos
1146 631 1264 681 tantum

163 736 256 776 annm
276 715 319 776 ad
335 718 493 797 ingenium
506 718 660 779 elicuisse
675 717 845 779 cedrenum
857 721 948 799 plane
966 707 1096 781 ducebar
1108 720 1149 781 ad
1161 720 1264 802 suipi-

163 816 309 879 candum.
351 839 457 881 rerum
476 840 546 879 cum
567 822 754 881 celeberrimi
779 822 840 880 sint
860 829 891 880 et
910 823 1047 882 omniurn
1064 825 1264 883 recentiorum

162 922 349 980 Graecorum
370 942 421 981 ore
443 924 559 1002 vulgati
579 924 626 981 illi
649 920 708 981 duo
727 924 852 998 senarii,
873 932 1026 1001 praeterea
1040 926 1178 983 etiamin
1194 922 1263 985 cod.

160 1024 310 1085 Vaticano
326 1024 408 1087 1126
425 1033 456 1083 et
472 1026 505 1083 in
523 1024 591 1085 aliis
608 1021 760 1085 codicibus
778 1025 904 1083 seorsim
916 1008 1019 1104 scripti
1032 1044 1068 1085 ac
1078 1028 1197 1107 repetiti
1212 1027 1260 1087 le-
1275 1044 1304 1102 p.
1319 1024 1373 1083 vn

161 1134 291 1205 gantur,
319 1123 403 1207 quod
424 1146 465 1184 ex
483 1128 593 1187 nostrIs
622 1123 863 1186 adnotationibus
882 1126 916 1185 in
934 1126 1119 1207 Fragmenta
1139 1126 1262 1187 Pisidae

160 1245 196 1285 v.
212 1230 256 1290 20
278 1224 417 1305 adparet,
438 1238 473 1287 ut
490 1226 592 1287 fictam
611 1227 758 1287 fabellam
779 1224 859 1287 hano
880 1225 919 1287 de
937 1229 1066 1309 Georgia
1080 1238 1111 1287 et
1123 1230 1263 1289 lleraolio

160 1326 420 1389 narratiunculam
434 1349 555 1410 prorsus
567 1332 688 1391 reiicere
702 1350 765 1391 non
777 1328 936 1390 andebam.
965 1349 1066 1411 neque
1077 1330 1159 1389 enim
1169 1332 1261 1410 igno-

160 1430 270 1489 rabam
284 1451 376 1491 usum
395 1434 515 1493 inania
534 1435 702 1515 Byzantina
724 1430 878 1515 quondam
898 1432 1077 1508 invaluisse,
1097 1442 1134 1492 nt
1151 1439 1261 1513 poitae

90 1566 96 1581 ·
159 1552 236 1592 suas
256 1533 494 1598 elucubrationes
515 1556 615 1595 coram
632 1536 706 1615 ipris
719 1536 840 1615 regibus
857 1546 888 1595 et
902 1531 1077 1615 patriarchis
1091 1535 1259 1611 recitarent,

159 1654 276 1717 easque
290 1629 463 1718 ἆνροοίοοις,
484 1639 718 1699 auscultonbnea
732 1636 861 1714 diceres,
883 1637 1084 1717 appellarent,
1105 1632 1187 1717 quod
1200 1656 1260 1715 po-

158 1738 238 1817 pnlo
254 1734 392 1799 audiente
405 1741 523 1820 publice
538 1752 569 1801 et
579 1742 680 1821 palam
692 1742 872 1819 legerentur.
892 1749 1001 1799 testem
1011 1735 1160 1796 adhibebo
1167 1737 1262 1796 Paul-

158 1839 231 1898 lum
247 1839 466 1920 silentiarium,
489 1846 542 1926 qui
558 1863 631 1927 suaa
651 1840 688 1901 de
708 1840 783 1901 aede
804 1838 1181 1921 Sophiam-descriptionis
1194 1841 1260 1918 pri·

157 1960 247 2019 mam
265 1954 382 2021 partem
400 1946 433 2005 in
453 1948 536 2025 regio
557 1946 668 2025 palatio
687 1964 790 2005 coram
807 1943 973 2003 Iustiniana
987 1943 1186 2020 imperatore,
1207 1960 1259 2000 se-

159 2041 292 2103 cundam
313 2055 415 2105 antem
435 2050 468 2107 in
488 2049 639 2127 episcopio
656 2066 757 2106 coram
771 2042 921 2124 Eutychio
933 2039 1102 2122 patriarcha
1113 2042 1258 2117 recitarit,

159 2155 199 2205 nt
218 2166 260 2205 ex
278 2147 387 2207 iambis
403 2157 433 2207 et
445 2148 541 2207 titulis
556 2150 706 2227 poimatio
721 2148 872 2226 inscriptis
883 2144 917 2203 lit
928 2144 1132 2203 manifestum.
1175 2140 1258 2224 quod

158 2258 265 2307 antem
282 2251 381 2328 magis
402 2246 502 2307 adhue
518 2247 652 2310 cedreno
668 2245 761 2309 fidem
776 2249 933 2335 conciliare
948 2244 1104 2321 videatur,
1122 2264 1189 2306 mos
1204 2246 1258 2303 ille

158 2358 209 2409 est
230 2352 306 2410 olim
327 2352 416 2432 cpoli
435 2361 572 2432 receptus
586 2350 625 2411 de
641 2350 841 2413 acclamandis
854 2359 999 2432 perpetuo
1016 2348 1257 2429 imperatoribus,

158 2453 244 2535 quod
263 2473 407 2536 persaepe
429 2456 521 2514 etiam
541 2454 631 2514 fiebat
650 2455 775 2530 iambis,
797 2451 946 2514 atridere
959 2462 1004 2512 est
1017 2453 1050 2510 in
1063 2451 1257 2511 Constantino

156 2553 418 2636 Porphyrogenito
430 2557 467 2615 da
477 2575 641 2616 rememora
656 2555 747 2616 aulae
760 2556 893 2636 Bysom.
911 2556 949 2614 ab
961 2551 1027 2615 Iob.
1041 2556 1171 2614 ilenrico
1184 2554 1258 2613 Lai-

157 2655 229 2718 cbin
244 2669 274 2717 et
287 2655 353 2718 lob.
367 2651 564 2719 lac.'Reiskio
576 2657 778 2738 superioribus
792 2661 878 2719 annis
891 2657 984 2718 edito.
1021 2657 1066 2717 ibi
1076 2659 1159 2717 eninr
1169 2677 1204 2736 p.
1215 2657 1256 2720 16

156 2761 272 2840 legitur
292 2757 375 2843 quod
397 2763 575 2841 imperatore
596 2771 707 2839 magna
725 2780 837 2841 pompa
856 2758 1037 2842 procedente
1053 2761 1087 2818 in
1105 2768 1207 2819 sancta
1227 2763 1258 2815 st

157 2883 271 2943 magna
288 2861 440 2922 dominica
455 2861 495 2922 ad
511 2883 594 2923 sacra
611 2863 779 2922 factionum
790 2864 1020 2922 acclamationes
1033 2860 1122 2935 fiunt,
1143 2868 1175 2918 et
1193 2859 1257 2917 Ve-

155 2975 248 3025 netae
270 2966 403 3026 notarius
423 2965 523 3042 adest,
546 2962 596 3028 καί
619 2965 668 3027 dei
687 2961 783 3028 οὖτιίν
796 2971 971 3049 περιπατεῖν
986 2960 1113 3027 ὄπισθεν
1128 2962 1190 3022 trie
1205 2958 1256 3020 dr·

157 3073 281 3134 σποτοῖν
301 3068 450 3149 πλησίον,
478 3065 530 3130 καί
549 3065 645 3152 ίίγειν
663 3063 737 3142 toda
758 3063 836 3132 sard
855 3061 953 3130 τνίιον
970 3060 1114 3146 ἰάμβους,
1144 3056 1255 3120 deindo

157 3168 282 3253 ἅρχιτνι
294 3169 440 3255 ἰαμβίζειν
453 3166 536 3234 decri
548 3167 658 3252 μίμους
667 3174 728 3233 τῶν
742 3170 907 3251 Πρασίνοον
920 3169 1061 3251 poturae.
1094 3175 1161 3224 tum
1173 3159 1256 3228 6ιοῦ

156 3272 273 3358 μίρονς
286 3279 347 3338 τοῖν
362 3271 497 3338 arettae
511 3276 644 3356 μαίοτοιρ
659 3269 778 3356 ἔρχεται
790 3273 955 3355 ἰαμβίζειν,
984 3267 1079 3328 donec
1097 3263 1116 3331 d
1130 3267 1186 3334 τοῦ
1200 3262 1255 3346 μί·

154 3399 233 3459 ρους
245 3379 307 3438 τοῖν
321 3375 484 3460 Προοίνοιν
496 3370 637 3459 νοοάριος
654 3373 773 3458 ίίρχεται
788 3375 840 3438 sai
858 3369 950 3450 adeda
965 3373 1114 3452 ίομβίζειν
1127 3367 1184 3442 ἕως
1198 3366 1256 3430 toti

154 3475 249 3561 u‘ylov
269 3476 409 3562 φρίοιτος.
456 3477 490 3540 id
511 3491 613 3538 autem
632 3481 664 3538 in
685 3479 825 3538 omnibus
848 3477 1032 3537 solemnibus
1049 3472 1168 3552 pompis
1187 3467 1253 3526 fieri

153 3582 282 3642 soliano
295 3583 409 3660 passim
424 3579 554 3640 ostendit
568 3579 651 3642 idem
664 3581 884 3642 Constantinus.
926 3577 1007 3638 unde
1026 3575 1163 3657 quamvis
1180 3573 1252 3632 sads

152 3693 298 3762 appareat
310 3683 425 3743 iambos
438 3686 490 3764 qui
502 3703 519 3742 a
530 3684 695 3744 factionum
706 3685 857 3763 magistris
868 3683 1082 3755 recitabantur,
1102 3675 1253 3757 hymnam

152 3787 206 3844 vel
218 3786 440 3844 oratiunculam
452 3787 562 3863 fuisse,
584 3807 643 3869 qua
655 3789 715 3867 ipsi
726 3786 849 3845 alternis
861 3786 977 3844 vicibus
991 3783 1091 3841 fausta
1105 3777 1251 3857 adpreca-

151 3899 258 3948 rentnr
279 3890 467 3968 imperatori,
489 3887 584 3950 nihilo
603 3899 706 3948 tarnen
722 3890 824 3948 minua
840 3885 912 3947 inde
925 3887 959 3946 fit
971 3883 1155 3966 probabilius
1168 3879 1250 3938 Pisi-

151 3989 227 4050 dam
238 3992 348 4052 iambis
359 4011 378 4050 a
390 3989 524 4052 Cedreno
537 3990 666 4052 laudatis
679 3993 853 4052 Heraclium
863 3993 897 4050 in
908 4009 1019 4070 magno
1030 3985 1145 4064 templo
1158 3999 1249 4042 oran-

151 4104 217 4154 tem
235 4091 273 4154 de
287 4095 451 4174 improviso
467 4098 623 4157 salutasse.

237 4199 350 4257 Verum
369 4200 577 4281 qualecunque
598 4199 637 4258 sit
658 4197 829 4279 sapientum
841 4195 975 4255 virorum
989 4188 1048 4250 bac
1063 4186 1103 4246 de
1118 4205 1151 4244 ra
1165 4178 1249 4242 iudi-

150 4300 252 4378 oimn,
270 4299 305 4360 id
318 4321 414 4361 unum
428 4321 469 4362 ex
482 4301 626 4362 bactenua
639 4301 813 4381 praemissis
826 4299 953 4377 colligo,
974 4289 1125 4364 Pisidam,
1147 4288 1175 4346 si
1186 4304 1249 4344 non
