3000 4850
418 323 673 396 DESCRIPTIO
697 323 731 392 S.
756 321 945 397 sorfflllt
1164 323 1237 398 139

158 497 202 560 ssi
210 493 295 558 delon
306 491 529 573 θυσιαστηρίου
542 488 725 574 ἱδρυμ1νονς
745 491 799 550 nbi
813 493 911 552 soleas
925 510 1051 551 numero
1063 491 1237 552 multitudi-

157 584 196 642 nis
208 579 328 640 efferunt
341 582 500 657 scriptores
513 580 580 652 isti,
602 597 673 636 curn
685 579 768 636 solea
780 597 841 637 non
858 576 926 636 aedi
941 576 1089 636 duntaxat
1102 576 1236 658 Sopbia-

157 685 203 725 nae
214 669 329 746 propria
341 665 449 738 fuerit,
471 661 527 723 sed
540 661 629 722 aedes
643 681 749 723 omnes
764 681 865 722 sacrae
883 683 952 722 suas
968 663 1064 722 solens
1079 659 1236 722 haberent.

157 749 233 831 idque
252 755 323 810 satis
340 760 497 830 praeterea
517 749 668 828 colligitur
688 769 728 807 ex
748 751 851 807 Leone
866 749 1068 806 Grammatico
1083 769 1114 828 p.
1130 751 1193 814 450
1206 758 1237 808 et

156 835 222 912 451,
247 837 299 895 ubi
318 836 459 894 meminit
480 835 631 894 solearum
648 831 770 892 sedium
786 831 1016 892 blachernemis
1034 843 1064 890 et
1085 835 1117 892 S.
1134 836 1235 894 Mucii.

154 931 260 1002 atquae
272 941 341 1000 pars
356 921 410 978 ills
423 923 462 979 sit
475 920 598 1000 templi,
623 919 780 997 ambigunt
794 917 940 978 doctiores
954 939 1010 978 nec
1024 921 1102 976 inter
1115 939 1146 977 se
1162 939 1237 978 con-

154 1011 286 1078 sentiunt,
315 1025 389 1085 prae
410 1007 516 1064 ceteris
534 1025 606 1064 vero
627 1001 832 1063 doctissimam
853 1015 883 1063 et
903 1005 1087 1064 luculentam
1103 1003 1238 1064 eadere

154 1088 378 1150 dissertationem
391 1092 520 1149 instituit
531 1093 594 1150 Leo
609 1091 738 1148 Allatius
751 1091 774 1148 l.
793 1095 807 1152 l
824 1091 1006 1170 συμμίκτων,
1028 1089 1080 1147 ubi
1096 1087 1237 1150 discussis

152 1179 315 1256 scriptoriam
332 1178 489 1236 sententiis
506 1195 594 1236 suam
609 1177 674 1254 ipse
695 1175 857 1250 stabilivit,
890 1174 1029 1256 dixitque
1043 1175 1158 1233 soleam
1171 1195 1237 1234 esse

152 1261 252 1338 basim,
279 1262 457 1320 fulcimenta
476 1280 512 1319 ac
530 1271 632 1342 partes
646 1260 802 1321 inferiores
816 1261 941 1318 tabulati
955 1261 1128 1335 cancellati,
1157 1279 1237 1340 quaa

151 1345 254 1406 solidae
268 1347 334 1405 fieri
353 1347 468 1419 solent,
501 1367 542 1406 ex
554 1363 632 1428 quo,
656 1347 773 1426 inquit,
802 1345 916 1404 iactum
935 1355 1039 1425 postea
1053 1356 1088 1404 ut
1105 1349 1237 1424 spatium

150 1430 218 1490 illnd
229 1430 311 1512 quod
324 1442 394 1490 ante
411 1433 512 1510 ipsam
524 1433 639 1491 soleam
655 1417 881 1506 effundebalur,
911 1431 992 1490 soles
1015 1429 1074 1488 dici
1096 1433 1238 1510 coeperit.

150 1520 193 1576 cui
204 1515 326 1598 quidem
340 1520 506 1576 sententiaa
519 1518 621 1577 farere
632 1515 754 1576 videtur
768 1517 887 1576 lexicon
904 1517 956 1574 Gr.
970 1535 1017 1576 ms
1029 1518 1062 1574 in
1074 1515 1149 1574 bibl.
1161 1520 1238 1596 Reg.

150 1602 209 1662 ood.
221 1603 324 1666 2062:
351 1601 467 1686 napulie
485 1599 521 1666 sd
534 1607 591 1667 rori
606 1604 800 1681 daucomplou
814 1596 960 1684 adyselou
976 1597 1000 1682 ἢ
1012 1600 1036 1682 ἡ
1049 1601 1159 1678 uuile,
1182 1621 1238 1662 seu

150 1698 179 1746 nt
191 1686 278 1746 babet
291 1686 375 1747 aliud
388 1689 528 1764 lexicon,
560 1687 643 1770 quod
660 1689 832 1747 inscribitur
847 1687 1003 1763 Στέφανος
1014 1685 1138 1762 λέξεων,
1169 1685 1238 1746 cod.

149 1773 233 1848 1888,
253 1767 279 1854 ἢ
290 1771 314 1854 ἦ
327 1775 385 1836 τοῦ
399 1773 483 1854 ἱεροῦ
496 1777 625 1850 culcio,
645 1775 688 1832 ita
701 1783 736 1832 ut
749 1791 844 1831 smum
857 1770 995 1830 videntur
1007 1791 1072 1831 esse
1086 1773 1237 1831 cancellus

149 1867 177 1914 et
188 1859 277 1916 solea.
318 1878 426 1916 verum
438 1860 495 1917 etsi
507 1869 622 1918 certum
636 1860 676 1918 sit
688 1860 804 1917 soleam
820 1859 1004 1938 appellatum
1017 1859 1148 1936 spatium
1158 1855 1238 1916 illud

150 1941 224 2022 quod
236 1945 380 2004 cancellis
395 1945 523 2004 bematis
538 1945 765 2019 obversabatur,
793 1961 854 2001 non
869 1941 937 2002 ideo
952 1953 1055 2002 tamen
1070 1963 1088 2000 e
1103 1942 1165 2000 solo
1179 1944 1237 2001 isto

148 2045 199 2086 san
209 2029 274 2088 basi
286 2030 489 2089 cancellorum
499 2049 610 2090 nornen
625 2030 770 2108 sumpsit,
791 2027 846 2087 sed
859 2031 959 2108 potius
975 2046 992 2085 a
1007 2027 1070 2086 solo
1083 2029 1133 2086 vel
1151 2029 1239 2106 pavi-

149 2124 243 2173 mento
256 2113 392 2189 editiori,
416 2113 499 2196 qnod
514 2114 652 2175 hocloco
665 2116 756 2173 altius
771 2114 931 2172 eminebat.
974 2111 1056 2170 unde
1074 2121 1152 2171 recte
1171 2115 1240 2171 Me-

149 2197 253 2258 nardns
264 2197 305 2258 ud
319 2201 432 2258 librum
443 2201 628 2260 Sacrament.
642 2200 780 2278 Gregorii
793 2208 823 2256 et
838 2199 953 2257 Goarns
968 2196 1007 2256 sd
1017 2195 1241 2277 Euchologiurn

148 2301 204 2342 non
213 2304 273 2343 nno
285 2285 354 2344 loco
369 2286 484 2345 soleam
498 2285 641 2344 dixerunt
653 2305 719 2344 esse
732 2286 938 2363 pavimentum
948 2286 1127 2342 eminentius
1141 2284 1240 2343 eccle·
1259 2281 1283 2338 P
1301 2281 1354 2342 5⁸⁵

148 2370 220 2447 siae,
241 2368 323 2451 quod
338 2381 385 2431 est
398 2371 559 2432 antefores
574 2372 710 2446 sacrarii,
731 2372 810 2429 inter
823 2365 947 2429 chorum
962 2380 992 2428 et
1005 2372 1186 2445 sacrarium,
1208 2371 1242 2431 iu

145 2472 201 2535 qno
215 2466 261 2516 est
271 2458 376 2531 altare,
396 2456 564 2517 cuiusmodi
579 2456 707 2516 describi
719 2453 840 2515 ridetur
853 2476 870 2515 s
884 2458 986 2516 Leone
1001 2458 1130 2515 Ostiens.
1145 2460 1165 2519 8
1183 2459 1241 2520 27:

144 2540 196 2597 sed
206 2540 290 2599 ulad
302 2544 466 2621 praecisus
490 2542 574 2622 quod
589 2562 673 2601 secus
693 2541 791 2599 altare
811 2552 855 2599 est
873 2551 902 2597 et
922 2543 955 2599 in
970 2540 1072 2612 choro,
1091 2538 1242 2621 gradibus

142 2624 204 2683 r'lls's
220 2624 332 2706 quibus
352 2628 397 2685 ad
413 2628 493 2685 sidem
504 2628 602 2686 altore
612 2627 798 2699 neceruditur,
826 2628 934 2684 crustis
945 2630 1142 2705 pretiosomm
1159 2646 1244 2683 mor-
1324 2650 1328 2657 ·

142 2730 258 2769 morum
278 2712 394 2770 decenti
414 2715 557 2771 varietate
575 2712 720 2771 mnan.
765 2710 799 2771 id
820 2731 892 2771 sana
912 2715 1053 2770 evincunt
1068 2732 1130 2770 non
1150 2709 1241 2770 modo

142 2797 240 2855 simile
253 2799 462 2876 pavimentum
475 2800 630 2879 aliquanto
644 2797 771 2873 editius,
800 2796 882 2879 qnod
899 2799 932 2854 in
946 2798 1127 2856 nostratibus
1142 2798 1242 2855 eccle-

143 2884 193 2941 siis
206 2881 335 2963 perinde
350 2880 398 2942 bis
410 2885 485 2944 iocis
500 2886 698 2964 conspicitur,
726 2880 782 2942 sed
802 2886 894 2942 etiam
914 2902 1004 2942 voces
1016 2881 1242 2941 Graecobarba-

144 2986 207 3043 rae,
234 2965 389 3044 docitur,
415 2973 546 3045 σολεῑος,
576 2967 716 3047 ricoldo,
737 2966 758 3032 ὅ
780 2969 884 3041 calluc
905 2976 934 3026 et
954 2966 977 3048 ἦ
998 2968 1107 3043 collo,
1131 2966 1240 3047 qulbus

144 3062 267 3111 utuntur
282 3057 394 3133 passim
415 3057 572 3134 scriptores
588 3056 761 3135 Bymntini,
789 3057 841 3134 qui
862 3072 911 3111 ess
932 3050 1055 3110 indubie
1079 3050 1240 3110 hauserant

143 3139 191 3197 vel
209 3141 356 3199 abitinis
376 3143 523 3220 sequioris
538 3142 605 3198 assi
619 3140 669 3199 vel
682 3141 719 3198 ab
731 3140 826 3215 Italis,
848 3138 1027 3218 quibuscum
1040 3156 1160 3215 semper
1173 3154 1241 3195 ma-

144 3241 239 3301 gnum
253 3222 386 3283 habuere
399 3228 622 3285 commercIum.
665 3228 777 3307 quippe
792 3222 873 3303 opud
887 3225 978 3282 italos
993 3221 1137 3303 quicquid
1150 3238 1241 3301 supra

142 3311 349 3388 perimentum
363 3313 507 3390 tantisper
520 3313 642 3387 eminet,
662 3312 776 3391 anglia,
797 3320 832 3367 nt
846 3306 926 3388 apud
939 3310 1068 3367 Francos
1082 3308 1172 3378 senil,
1186 3326 1242 3366 seu

142 3394 252 3453 solirsm
271 3394 396 3455 dicitur:
425 3395 506 3456 nude
522 3398 658 3476 primurn
678 3407 782 3477 portae
799 3393 925 3474 gradum
945 3414 1000 3454 sau
1016 3391 1123 3455 domus
1145 3395 1242 3451 limen

144 3477 265 3538 homil
279 3481 318 3538 de
337 3482 370 3539 la
382 3493 470 3560 porte
484 3500 712 3561 nuncupamus,
738 3484 868 3560 primam
887 3500 996 3559 nempe
1017 3490 1048 3539 et
1067 3481 1242 3537 inferiorem

143 3566 269 3640 trabem,
292 3570 341 3625 cui
353 3576 449 3626 toturn
461 3566 633 3627 aedilicium
644 3569 780 3647 ligneum
792 3568 911 3640 insistit,
934 3575 964 3624 et
978 3584 1069 3645 qoam
1085 3576 1243 3623 transcen-

145 3646 214 3709 dere
230 3661 352 3710 tenetur
372 3655 425 3733 qui
446 3652 571 3712 domum
592 3654 658 3711 vult
678 3650 813 3731 ingredi,
837 3670 913 3731 quae
929 3651 1052 3731 quidem
1064 3652 1145 3709 trabs
1163 3648 1245 3708 seule

143 3748 268 3795 rosetus
284 3740 317 3794 iu
342 3738 557 3797 cousuetudine
576 3740 754 3817 municipali
767 3738 976 3797 Aurelianensi
991 3746 1045 3795 art.
1060 3736 1123 3799 238
1144 3746 1174 3793 et
1189 3738 1245 3794 Ni-

144 3824 284 3881 veruensi
297 3841 364 3901 oap-
374 3825 415 3887 26
430 3836 485 3883 art.
499 3828 520 3889 8
534 3835 564 3883 et
579 3826 630 3898 11,
645 3824 757 3883 soulier
770 3827 801 3881 in
817 3821 924 3881 eadem
937 3823 1115 3882 Niveruensi
1129 3840 1193 3899 cap.
1206 3822 1247 3884 10

144 3916 198 3964 ort.
217 3912 272 3980 10,
302 3916 336 3965 ut
350 3910 532 3969 Florentinis
546 3910 677 3989 soglrbre
684 3932 696 3983 ;
718 3908 766 3967 sol
777 3909 1124 3982 immersissem,
1152 3906 1247 3963 soline

144 3994 175 4050 in
188 3994 388 4051 Ambisnensi
401 4005 456 4053 art.
475 3998 545 4058 198.
572 3993 628 4054 sed
641 4006 672 4053 et
687 3992 769 4075 apud
784 3996 912 4054 Graecos
928 3995 1106 4052 recentiores
1120 3991 1247 4053 unislaw

144 4075 265 4136 aedium
282 4082 456 4159 quarumvis
473 4080 567 4140 inisse
583 4090 700 4159 partem
713 4080 801 4140 docet
813 4082 948 4139 Lexicon
963 4080 1015 4137 Gr.
1028 4096 1075 4137 ms
1089 4092 1163 4135 mox
1177 4076 1247 4133 lau-

145 4160 265 4221 dotum:
293 4167 397 4234 oolla,
422 4160 522 4246 guina·
555 4166 665 4229 coielu
686 4163 760 4245 8ὲῆ
778 4165 952 4239 vodolrico,
973 4181 1083 4241 nempe
1098 4154 1174 4239 pirri
1192 4178 1246 4218 seu

143 4248 256 4307 limen:
290 4260 336 4308 est
355 4252 438 4308 enirn
456 4248 636 4311 academicis
653 4253 812 4312 cruscanis
836 4250 935 4331 soglia
954 4250 1055 4327 pietro
1076 4266 1093 4302 o
1113 4244 1247 4313 scolene,

143 4334 218 4393 dors
225 4354 345 4414 posmw
355 4334 405 4413 go·
415 4338 511 4417 stipiti
524 4336 577 4396 del
585 4338 679 4397 uscr'o.
722 4340 845 4419 itaque,
867 4339 894 4397 si
910 4336 986 4395 bene
1000 4348 1145 4411 auguror,
1164 4328 1249 4389 solen
