3000 4850
175 357 178 362 ’
229 345 304 424 134
663 347 725 418 DU
750 347 893 418 onnon

230 519 368 579 conicmri
386 516 478 597 igitur
494 511 570 574 haec
583 511 732 574 conchula
746 516 897 595 appellata
912 523 966 588 eat,
989 511 1163 594 quodenset
1179 511 1333 594 quodam-

229 603 321 664 modo
336 600 490 683 appendix
502 603 626 660 maioris
641 600 790 660 diaconici
807 621 861 660 seu
874 603 1041 674 secretarii,
1064 602 1096 658 iu
1111 619 1170 680 quc
1187 610 1216 659 et
1231 603 1333 659 eccle-

230 690 367 751 siasticae
380 698 478 747 restes
492 697 522 745 ct
536 705 631 763 saera,
652 689 698 745 nti
710 687 901 766 appellantur
914 687 1037 764 passim,
1052 687 1215 744 ministeria
1231 705 1334 746 asser-

231 775 393 847 vabantur,
426 792 466 832 ex
486 791 545 853 quo
559 791 638 852 qnae
652 771 692 832 ad
707 792 824 831 sacram
838 773 992 848 liturgiam
1007 769 1209 849 peragendam
1222 783 1348 832 neces·'

232 863 310 921 saria
325 869 407 917 erant
420 859 636 938 promebantur
648 869 678 917 et
689 860 722 915 in
734 855 813 918 hanc
829 854 1007 916 conchulam
1019 853 1237 929 deferebantur,
1251 875 1333 936 quae

230 944 303 1004 inde
317 943 505 1002 diaconicum
520 944 671 1023 appellata
684 953 742 1003 est.¹
783 962 854 1001 nam
875 943 908 999 in
928 952 1026 1002 vestes
1044 960 1143 1000 sacras
1165 939 1333 1000 induebant

232 1041 263 1089 et
277 1027 415 1088 sacerdos
433 1047 516 1087 sacra
527 1029 661 1088 facturus
676 1040 707 1088 et
723 1028 842 1088 diaconi
855 1029 902 1086 illi
914 1027 1119 1086 ministraturi.
1162 1025 1243 1108 unde
1260 1045 1333 1085 curn

231 1112 461 1194 sceuophylacii
479 1115 682 1193 appellatione
701 1112 861 1174 donaretur
878 1110 1002 1192 perinde
1020 1113 1121 1186 annius,
1133 1108 1331 1186 diaconicum,

229 1199 302 1259 inde
316 1203 406 1260 etiarn
420 1197 611 1258 hacouicnm
620 1202 721 1258 minus
734 1220 790 1258 seu
805 1196 951 1256 conchula
967 1195 1113 1255 diaconici
1128 1195 1333 1276 sceuophyla-

230 1289 312 1344 cium
323 1282 476 1344 interdum
488 1295 629 1357 vocatur,
651 1283 727 1343 adeo
745 1295 780 1343 ut
802 1303 880 1364 quae
899 1285 931 1340 in
955 1283 1082 1360 liturgiis
1098 1281 1130 1340 S.
1144 1283 1238 1340 Marci
1253 1293 1283 1340 et
1297 1283 1332 1342 S.

230 1371 333 1430 larabi
355 1370 390 1433 iv
413 1371 577 1452 dmovrxpi
596 1371 702 1449 peragi
721 1389 841 1448 preces,
875 1377 982 1428 exacto
1001 1367 1158 1442 sacrificio,
1181 1365 1332 1444 dicuntur,

231 1477 286 1514 eae
312 1458 345 1514 iu
371 1457 493 1533 liturgia
516 1452 721 1534 Chryscstcmi
750 1454 784 1517 ἐν
812 1453 1041 1536 σκευοφυλατὶρτ
1065 1451 1129 1510 fieri
1153 1453 1332 1514 scribantur.

230 1542 383 1600 metatorii
397 1539 529 1620 denique
541 1541 777 1619 appellationem
790 1537 896 1597 habuit
910 1536 1016 1596 eadem
1031 1535 1193 1612 conchula,
1223 1557 1335 1618 quem·

229 1624 397 1684 admodum
417 1629 517 1684 maius
543 1624 747 1699 diaconicum,
777 1635 810 1682 ut
830 1625 908 1682 inira
925 1623 1103 1702 probamus,
1134 1623 1186 1682 ubi
1199 1625 1333 1706 nominis

231 1713 380 1770 rationem
392 1709 608 1791 expendimus:
628 1730 701 1770 nam
717 1708 826 1770 diserte
841 1705 1064 1786 Euchologium
1078 1728 1109 1787 p·
1124 1709 1186 1772 628
1199 1711 1335 1772 dwnana-

229 1793 288 1859 κᾶν
308 1807 338 1854 et
361 1793 543 1876 μιτατυὶριυν
565 1795 739 1870 confundit,
767 1813 826 1876 quo
846 1796 912 1854 loco
932 1813 993 1852 non
1009 1803 1054 1852 eat
1069 1795 1164 1854 maior
1180 1797 1334 1865 sacristia,

230 1883 276 1940 uti
289 1881 368 1943 velle
382 1880 501 1941 ridetur
513 1883 647 1955 Gnarus,
669 1879 725 1941 sed
739 1877 887 1940 conchula
902 1880 1029 1937 bematis
1044 1881 1086 1936 ita
1100 1879 1268 1958 appellata,
1291 1899 1333 1938 ex

229 1985 291 2048 qua
310 1965 479 2045 patriarcha
504 1977 571 2046 post
594 1978 726 2044 cantatas
744 1968 865 2025 tertiam
888 1975 919 2022 et
937 1973 1066 2024 sextam·
1079 1961 1152 2022 odas
1178 1963 1218 2022 ad
1238 1967 1333 2024 altars

229 2051 374 2132 procedit,
387 2052 533 2134 ἐξέρχεται
548 2052 591 2126 εἰς
602 2048 637 2114 cd
648 2047 736 2134 ἅγιον
749 2045 970 2130 θυσιαστήριον
984 2048 1016 2112 ht
1029 2052 1085 2112 τοῦ
1099 2047 1206 2130 μέρους
1220 2051 1334 2125 δεξιοῦ.

124 2138 148 2194 Ρ
163 2138 214 2198 581
232 2156 289 2196 neo
303 2138 401 2197 obstat
415 2136 497 2218 quod
510 2135 550 2196 ad
566 2136 705 2195 dextram
722 2137 824 2195 altaris
839 2133 1026 2194 diaconicum
1043 2144 1168 2208 statuat,
1197 2133 1278 2216 quod
1294 2133 1335 2194 ad

232 2225 385 2282 sinistram
405 2225 521 2302 reponit
540 2220 839 2295 Thessalonicensis,
869 2239 954 2294 curn,
983 2229 1017 2278 ut
1038 2222 1079 2277 ait
1104 2217 1186 2278 idem
1207 2221 1334 2297 Gnarus,

232 2306 375 2367 dextrum
388 2307 438 2365 vel
451 2309 605 2365 sinistrum
617 2307 695 2363 latus
709 2323 765 2383 pro
780 2307 1004 2383 respicientium
1018 2303 1057 2364 ad
1072 2316 1170 2364 ortum
1184 2307 1233 2366 rel
1245 2325 1335 2366 ocea-

231 2412 302 2454 sum
314 2393 481 2452 mutatione
494 2391 687 2470 scriptoribus
700 2386 832 2465 dioatur3
856 2388 930 2449 adeo
948 2401 982 2449 ut
998 2393 1063 2469 ipse
1080 2392 1194 2451 Gnarus
1209 2389 1335 2473 protha-

232 2481 292 2540 sirn
305 2477 344 2537 ad
357 2480 526 2550 sinistram,
559 2476 749 2535 diaconicum
771 2494 842 2535 vero
865 2473 905 2534 ad
918 2472 1058 2533 dextram
1075 2485 1199 2551 statuat,
1233 2488 1334 2537 contra

232 2582 327 2645 qnam
347 2561 637 2623 Thessalonicensis.
679 2563 871 2620 metatoriam
894 2563 1005 2641 pariter
1025 2557 1065 2618 ad
1089 2557 1230 2620 dextrum
1256 2562 1334 2620 latus

232 2650 284 2707 vel
298 2646 381 2707 aedis
398 2648 447 2707 rel
460 2648 563 2706 altaris
578 2648 664 2727 ponit
678 2642 831 2705 (le'drenus
845 2650 877 2705 in
891 2648 993 2705 Leone
1007 2642 1207 2725 philosophos=
1235 2665 1335 2728 nequa

233 2735 317 2791 enirn
335 2735 458 2792 omnino
480 2744 596 2792 constat
618 2752 658 2791 an
674 2732 713 2791 de
731 2730 844 2791 exedra
869 2730 1021 2789 diaconico
1036 2750 1070 2789 ac
1085 2733 1241 2790 tractatorio
1256 2730 1335 2791 dicte

231 2837 273 2877 an
288 2838 359 2877 vero
373 2817 412 2876 de
429 2816 576 2878 conchula
590 2816 699 2878 iisdem
712 2817 886 2877 nominibus
902 2818 1019 2875 locutus
1033 2819 1088 2875 sit:
1110 2818 1212 2875 locum
1228 2816 1334 2877 damus

232 2904 312 2963 inira
325 2924 356 2961 n.
369 2906 421 2967 86.
465 2901 520 2962 sed
540 2914 570 2962 et
587 2923 649 2962 non
672 2902 781 2962 desunt
803 2905 856 2983 qui
874 2912 971 2961 totum
990 2901 1117 2960 bematis
1133 2912 1218 2961 extra
1232 2904 1334 2961 altaris

146 3060 152 3067 ,
232 2990 301 3048 vela
316 2998 406 3070 atque
420 2987 495 3050 adeo
511 3000 597 3048 extra
608 2990 753 3048 maiorem
768 2984 912 3047 concham
928 2988 1058 3065 spatium
1073 2985 1260 3047 diaconicum
1279 3007 1336 3067 ap-

131 3090 143 3107 ⁵
232 3074 380 3154 pellatuna
392 3076 512 3149 volunt,
543 3073 643 3155 quod,
675 3076 835 3133 cnmintra
850 3073 917 3130 vela
933 3091 987 3131 seu
1003 3066 1273 3151 παραπιτᾶσματα,
1296 3072 1334 3131 de

234 3160 345 3239 quibus
359 3178 435 3219 mcx
448 3178 590 3238 agemus,
611 3159 685 3219 solis
700 3158 907 3218 sacerdotibus
923 3160 1083 3216 canalstera
1106 3158 1225 3233 liceret,
1256 3176 1335 3238 quae

232 3245 362 3303 bematis
386 3264 455 3324 pars
477 3244 548 3304 inde
574 3244 721 3324 ἱερατιῖυυ
735 3246 854 3323 proprie
872 3241 951 3301 dicta
972 3251 1033 3317 est,
1063 3242 1179 3323 reliqna
1202 3241 1335 3303 haconis

233 3332 381 3408 pennissa
398 3340 492 3405 esset,
514 3342 548 3388 nt
562 3333 614 3410 qui
630 3327 670 3387 ad
684 3341 843 3409 utramque
860 3326 1056 3403 conchulam,
1074 3328 1238 3407 pmtheaim
1253 3330 1337 3387 soili-

233 3424 282 3475 cet
298 3426 328 3473 et
342 3412 544 3487 draconiorum,
558 3434 612 3493 pro
622 3414 713 3473 officii
728 3417 842 3474 ratione
854 3410 1000 3493 pergendi
1016 3424 1044 3473 et
1059 3416 1141 3473 iniis
1156 3412 1338 3474 consistendi

232 3518 357 3559 necesse
369 3498 526 3559 haberent.
548 3519 620 3557 nam
632 3501 767 3579 Symeon
781 3498 1061 3559 Thessalonicensis
1076 3500 1152 3559 libro
1168 3498 1205 3558 de
1221 3500 1337 3579 templo
1425 3524 1430 3531 ·

233 3585 277 3643 ait
289 3587 368 3643 nulli
385 3586 476 3645 licere
498 3588 529 3641 in
549 3603 632 3644 sacro
651 3582 816 3665 synthrono
830 3583 935 3645 sedere
949 3596 1159 3669 praeterquam
1172 3583 1338 3645 sacerdoti·

231 3669 306 3743 bus,
338 3690 374 3729 ac
394 3689 433 3729 ne
454 3673 528 3749 ipsis
554 3669 677 3752 quidem
701 3670 852 3745 diaconis,
886 3670 995 3751 quibus
1017 3673 1094 3730 alius
1111 3673 1268 3730 attributus
1291 3678 1337 3729 est

233 3755 335 3829 locus,
357 3751 392 3828 dc
406 3749 607 3829 iaovtoiaue
621 3750 795 3833 ωὐὸμασται
810 3752 996 3833 dimovenda,
1021 3754 1097 3819 ἔνθα
1110 3754 1162 3819 sul
1173 3760 1336 3837 καθῆσθαι

233 3835 353 3914 τούτοις
367 3835 425 3903 oie
441 3833 612 3915 desituros,
640 3840 971 3921 diaconicumnempe,
1001 3842 1086 3902 locus
1106 3844 1149 3903 sic
1169 3841 1282 3917 dictus,
1304 3843 1337 3899 in

234 3926 463 4004 quoconsidere
479 3929 522 3985 eis
538 3927 656 3986 licitum
667 3929 716 3987 sit.
760 3925 831 3989 huic
853 3926 977 4008 quidem
996 3928 1161 3987 sententiae
1180 3930 1282 3988 nescio
1297 3946 1337 3985 an

233 4011 334 4070 faveat
347 4014 481 4071 hexioon
495 4013 547 4071 Gr.
563 4032 621 4087 ms,
644 4011 725 4094 quod
740 4022 841 4072 exstat
853 4015 885 4071 in
899 4014 974 4072 bibl.
988 4014 1063 4092 Reg.
1077 4011 1145 4071 cod.
1162 4016 1262 4087 2052,
1284 4012 1337 4071 ubi

232 4096 452 4178 παραπέτασμα
466 4090 500 4159 ια’
518 4093 711 4173 διακουικόν,
738 4095 772 4161 cd
787 4092 1010 4181 παρακάλυμμα
1024 4120 1089 4159 esse
1104 4096 1228 4157 dicitur:
1250 4096 1338 4157 ride·

236 4192 286 4241 tur
298 4185 380 4241 auhn
393 4178 569 4247 διακονικὸν
584 4184 731 4262 appellari
743 4186 849 4243 velum
863 4184 981 4259 altaris,
1004 4187 1089 4265 quasi
1103 4194 1200 4243 totum
1210 4184 1338 4243 bematis

236 4270 385 4347 spatium,
407 4266 489 4350 qaod
505 4278 591 4328 extra
604 4271 673 4327 vela
685 4270 788 4329 altaris
801 4279 899 4349 patet,
932 4268 1122 4329 diaconieum
1136 4270 1192 4343 sit,
1224 4279 1253 4328 et
1268 4270 1339 4350 quia

235 4354 269 4411 in
285 4372 320 4413 eo
337 4365 368 4415 et
382 4357 544 4422 consistere
562 4362 593 4413 et
614 4352 756 4435 progredi
777 4374 832 4435 pro
851 4354 1012 4416 functionis
1034 4374 1105 4417 suaa
1119 4357 1249 4433 ratione,
1277 4372 1340 4415 noa
