3000 4850
257 295 332 366 156
520 289 733 375 ounuclus
758 289 804 358 lu
829 289 1107 358 Hsuacsnnts

506 454 1359 624 ,sua

256 565 610 712 mueudmapnma
631 627 666 691 ίν
683 633 749 702 τοῖς
768 629 939 708 νυταρτίοις
960 567 1088 710 udaieis
1101 567 1155 691 siai
1170 624 1290 701 εἰκόνας
1305 634 1358 710 τῆς

255 713 463 798 θεομήτορος,
484 711 658 777 caeduald
671 714 813 788 Πισίδιος
827 707 980 796 Γνυίργνος
991 713 1077 794 λέγει.
1120 711 1193 772 hino
1207 717 1356 793 corrigen-

258 802 316 864 dus
340 801 512 876 cedrenus,
534 801 589 880 qui
608 819 679 858 cum
698 819 777 880 pena
791 797 970 860 adverbum
983 796 1205 879 Theophanem
1217 803 1356 860 hanseri-

256 889 325 963 bat,
347 886 399 947 hic
422 887 460 946 ab
482 905 518 946 eo
535 883 694 945 discedens
705 887 750 944 'ait
762 885 936 944 Heraclium
952 886 1071 966 cpolim
1085 885 1237 964 appulisse
1252 885 1356 960 ἔνηφι-
1385 945 1388 954 ,

255 969 386 1057 ρόμενον
406 969 468 1052 τήν,
484 966 715 1052 ἀχειροποίητον
728 967 833 1034 tisias
847 975 905 1034 sori
919 973 1027 1054 κυρίου
1041 970 1095 1034 καί
1107 973 1188 1034 θεοῦ
1201 967 1291 1051 ἡμῶν
1302 962 1356 1052 Ἰη-

255 1063 315 1122 cosi
329 1059 472 1139 Χριστοῦ.
515 1053 586 1114 ride
599 1056 636 1115 da
648 1055 767 1135 nepus.
785 1057 802 1119 1
828 1054 899 1120 140.
1289 1121 1293 1132 ,

326 1145 392 1222 ’17.
435 1159 578 1233 Perseus,
607 1166 642 1215 ut
665 1167 711 1216 est
730 1158 765 1214 in
783 1155 912 1231 fabulis,
940 1154 1099 1216 Medusam
1116 1158 1287 1238 Gorgonem
1306 1161 1354 1218 in-

253 1246 389 1319 teremit,
410 1245 536 1324 eiusque
549 1253 639 1322 caput
651 1243 817 1301 abscissam
831 1244 864 1298 in
876 1241 992 1322 Aegida
1007 1243 1180 1321 collocavit,
1202 1248 1286 1304 cuius
1299 1263 1355 1325 ope

254 1340 360 1410 postea
376 1327 605 1388 Andromedam
621 1347 697 1387 saxo
718 1345 884 1406 appensam
898 1339 929 1386 et
942 1339 1007 1388 ceto
1023 1331 1138 1388 marino
1151 1341 1284 1390 monstro
1298 1349 1354 1388 ex·

254 1417 385 1494 positam
399 1415 549 1473 liberarit.
592 1413 647 1474 sed
663 1414 821 1471 Heraclius
834 1415 970 1494 aliquam
983 1416 1108 1492 virginio
1120 1417 1234 1474 hieriae
1246 1417 1354 1494 imagi-

253 1519 326 1557 nem
341 1501 495 1558 miraculis
508 1501 637 1576 claram,
658 1508 693 1557 ut
703 1496 840 1574 videtur,
862 1496 985 1575 habuit,
1008 1517 1069 1580 qua
1079 1508 1113 1558 ut
1126 1501 1267 1580 Gorgone
1280 1503 1354 1560 Per-

252 1603 338 1660 seus,
359 1586 392 1643 in
406 1585 616 1666 praesentibus
630 1585 772 1666 periculis
785 1585 934 1644 utebatur.
978 1583 1048 1643 vide
1064 1585 1150 1664 infra
1161 1607 1192 1646 v.
1207 1588 1260 1650 91.
1352 1645 1355 1655 ,

335 1690 389 1750 20.
430 1689 596 1746 Hesionam
622 1686 717 1744 filiam
740 1702 760 1742 a
783 1695 867 1764 patre
890 1683 1111 1762 Laomedonte,
1142 1690 1196 1768 qui
1216 1699 1278 1747 erat
1298 1707 1353 1748 rex

251 1773 379 1848 Troiae,
402 1783 467 1832 ceto
485 1773 623 1832 similiter
641 1773 827 1855 expositam,
849 1781 883 1830 ut
903 1773 1035 1850 Neptuni
1053 1773 1223 1850 planaretur
1241 1777 1301 1848 ira,
1323 1785 1353 1833 et

251 1856 289 1914 ab
311 1860 441 1917 Hercule
463 1856 573 1917 deinde
594 1857 753 1916 liberatam
770 1857 880 1931 finisse,
902 1867 1024 1915 nauant
1038 1855 1217 1937 mythologi.
1259 1859 1353 1919 iidem

249 1941 425 2004 fabulantur
457 1943 620 2002 Herculem
647 1941 840 2021 indignatum
862 1940 944 2023 quod
967 1945 1238 2020 praestantissimos
1260 1965 1352 2025 equos

249 2026 352 2088 divino
369 2031 484 2088 semine
499 2038 669 2110 procreatos
685 2029 723 2086 ob
739 2024 914 2087 huiuamodi
925 2027 1106 2086 beneficium
1120 2029 1178 2088 sibi
1190 2034 1353 2110 promissos

248 2131 311 2173 non
325 2111 472 2191 dedisset,
494 2134 598 2196 regem
613 2115 817 2172 obtruncasse.

334 2220 387 2317 2]-
428 2212 616 2300 γνωστικοΰς
628 2213 686 2299 ἔχει
699 2208 819 2305 τόνους,
839 2214 892 2297 qui
904 2215 1051 2276 moralem
1062 2234 1184 2276 sensum
1196 2217 1229 2276 in
1241 2217 1351 2280 fabulis

249 2311 377 2380 quaerat.
392 2359 395 2364 .

332 2407 387 2469 80.
429 2406 531 2465 forsan
541 2405 651 2465 melius
665 2368 774 2469 dilus.

254 2534 261 2543 ·
333 2507 386 2568 32·
430 2500 475 2568 δι’
491 2504 574 2586 ἡμᾶς
586 2508 702 2566 sedicet
719 2502 940 2587 σεσωσμένους,
962 2506 1050 2587 quasi
1069 2503 1181 2566 diceret
1200 2506 1351 2569 obsces-

248 2598 294 2646 tcs
310 2590 399 2647 cives.
448 2590 547 2653 codex
559 2591 690 2651 habebat
703 2586 797 2673 τύχης
810 2612 879 2651 cum
895 2592 928 2654 οί
940 2595 1140 2671 superposito.

257 2719 262 2725 ·
330 2673 385 2737 34.
426 2672 465 2739 τοί
482 2681 538 2742 τοῦ
558 2674 659 2759 δήμου
675 2674 780 2761 dorico
798 2696 869 2735 cum
885 2674 975 2752 dicit,
996 2688 1097 2757 aperte
1115 2678 1297 2755 factionum,
1318 2679 1351 2737 in

246 2778 323 2839 quas
337 2770 401 2820 tota
416 2763 573 2843 cpolitano
591 2766 696 2823 civitas
713 2774 777 2823 erat
792 2762 904 2836 divisa,
925 2765 1036 2821 miram
1049 2764 1244 2823 insolentiam
1257 2762 1351 2823 auda-

246 2847 325 2903 ciam
343 2858 374 2905 et
391 2852 593 2909 temeritatem
610 2847 760 2928 designat·
803 2858 943 2929 quattuor
954 2848 1048 2909 fuisse
1060 2850 1093 2905 in
1107 2848 1188 2909 ludis
1201 2850 1350 2909 Circensi-

245 2929 303 2991 bus
323 2930 488 3011 factiones,
512 2956 554 2995 ex
576 2946 718 3016 quattuor
733 2934 883 2993 coloribus
896 2934 1005 3014 quibus
1022 2932 1283 3012 distinguebantur
1296 2953 1351 3015 ap-

244 3016 382 3095 pellatas,
407 3021 573 3079 Prasinam
591 3021 735 3079 Venetam
748 3020 918 3077 Rmsatcm
934 3017 1099 3089 Albulam,
1121 3029 1233 3078 nonant
1247 3038 1351 3079 omnes

245 3100 365 3161 eruditi.
408 3103 464 3163 sed
478 3108 622 3165 Prasinas
636 3115 667 3164 et
678 3106 811 3165 Venetae
824 3105 1017 3183 potissimum
1028 3107 1142 3163 mentio
1156 3104 1189 3163 fit
1203 3103 1284 3184 apud
1300 3103 1348 3163 hi-

244 3187 381 3249 storicos.
398 3217 401 3224 ·
424 3210 504 3271 quae
524 3202 626 3250 autem
647 3200 820 3271 quantaque
833 3190 925 3248 luerit
940 3192 1051 3249 civium
1064 3190 1289 3269 cpolitanorum
1301 3191 1350 3249 in·

245 3275 333 3349 sanis,
343 3277 376 3333 in
388 3278 452 3335 suis
463 3277 599 3355 partibus
613 3274 769 3351 fovendis,
792 3285 822 3333 et
836 3294 928 3356 quam
938 3278 1042 3354 gravia
1055 3294 1146 3354 saepe
1159 3272 1231 3334 inde
1246 3284 1349 3335 exorta

244 3356 370 3417 dissidia
389 3371 419 3419 et
436 3364 579 3421 intestina
599 3362 681 3421 balla
703 3380 773 3421 oum
789 3363 926 3419 maximo
940 3362 1023 3421 urbis
1036 3358 1230 3435 incommodo
1247 3373 1278 3421 et
1290 3364 1348 3419 im·

243 3454 418 3521 paratorum
430 3448 579 3525 periculo,
602 3446 692 3506 docet
703 3448 885 3526 Procopius,
907 3447 991 3527 quit
1014 3449 1055 3511 29
1077 3447 1114 3505 de
1124 3445 1214 3503 Bello
1228 3448 1348 3505 Persico

243 3528 482 3590 funestissimam
500 3531 683 3591 seditionem
696 3552 738 3592 ax
751 3533 918 3591 factionum
932 3532 1122 3591 contentione
1135 3534 1275 3611 Byzantii
1292 3550 1347 3589 ex-

243 3622 340 3671 ortam
353 3612 509 3693 describit,
532 3628 563 3677 et
577 3620 663 3678 Hiat.
678 3617 800 3675 Arcan.
818 3639 845 3675 e.
859 3623 879 3682 7
896 3614 1060 3676 earundem
1075 3617 1242 3676 facfionum
1254 3618 1348 3677 licen-

244 3700 319 3757 tiam
331 3700 452 3760 abunde
463 3713 575 3763 narrat.
618 3723 725 3764 sarum
740 3722 800 3784 qua
813 3704 989 3763 auctoritate
1002 3703 1097 3761 fretus
1111 3705 1241 3773 Rosinus
1252 3701 1347 3763 Anti·

243 3786 352 3864 quaint.
370 3786 462 3845 Rom.
479 3790 499 3852 5
520 3787 541 3852 5
563 3786 701 3849 adfirmet
712 3799 782 3868 post
796 3786 974 3849 seditionem
986 3790 1072 3847 illam
1085 3790 1294 3867 Byzantinam,
1316 3789 1346 3845 in

243 3888 305 3951 qua
315 3890 406 3950 supra
418 3875 541 3952 triginta
553 3872 713 3933 homiuum
726 3876 812 3933 milia
831 3873 978 3933 trucidata
1002 3884 1087 3949 sunt,
1110 3875 1277 3933 factionum
1290 3892 1346 3931 no·

241 3958 325 4020 mina
340 3958 453 4017 abolita'
465 3959 571 4035 fuisse,
581 3960 673 4040 plane
687 3947 801 4019 nescio.
823 3970 1034 4041 praeterquam
1050 3956 1134 4040 quod
1147 3960 1347 4019 enimProco·

240 4043 310 4120 pius
329 4041 363 4101 id
382 4064 444 4103 non
458 4044 567 4120 tradit,
588 4055 673 4125 patet
687 4066 730 4104 ex
743 4046 885 4105 omnibus
899 4046 1093 4125 scriptoribus
1108 4047 1282 4123 Byzantinis
1299 4044 1348 4101 fa-

241 4128 377 4187 ctionum
389 4132 514 4189 nomina
530 4141 561 4189 et
574 4132 856 4209 potestatesmnltis
870 4141 941 4211 post
952 4133 1152 4191 lastinianum
1163 4130 1346 4209 temporibus

240 4212 430 4289 perdurasse.
460 4235 495 4275 ac
504 4218 613 4277 Veneti
624 4216 751 4297 quidem
768 4227 798 4275 et
813 4218 931 4277 Prasiai
948 4218 1003 4276 sub
1020 4216 1251 4294 imperatoribus
1259 4218 1345 4273 hlau-

240 4298 312 4358 ricio
327 4310 358 4360 et
370 4298 579 4384 Phooa‘saspe
594 4304 744 4363 tumultus
765 4304 934 4363 excitarunt
948 4312 979 4361 et
991 4300 1028 4361 de
1041 4321 1142 4361 rerum
1156 4320 1278 4363 summa
1292 4298 1347 4359 de·
