3000 4850
233 316 284 388 92
669 314 731 384 DU
757 313 897 384 GANGlI

233 479 457 542 contcsdamat.
503 477 543 542 ad
575 469 644 542 eam
669 503 760 562 porro
787 481 977 544 altitudinem
998 479 1124 544 eductus
1147 483 1342 565 potissimum

232 567 351 641 tholus,
374 578 523 648 cumpost
535 569 619 628 iilius
630 587 734 628 casnm
748 567 847 632 denuo
862 572 1043 629 instauratus
1056 579 1111 629 est.

317 653 370 717 35.
413 658 501 714 Anno
520 657 632 735 quippe
652 655 812 714 iustiniani
829 659 886 731 32,
908 675 979 716 cum
1001 656 1111 714 crebris
1133 665 1228 717 terrae
1244 658 1342 716 moti-

232 742 290 800 bus
313 759 491 801 concussum
514 737 770 820 hemisphaerium
784 743 876 800 rimas
891 751 1008 822 ageret,
1031 740 1155 800 tendent
1171 759 1240 821 pars
1254 742 1341 802 illiue

232 825 386 885 orientalis
410 823 554 902 concidit,
577 837 608 886 et
624 827 771 887 ciborium
785 837 815 886 at
827 845 944 886 sacram
959 846 1096 886 mensam
1109 846 1169 886 una
1185 845 1343 886 cumam·

230 912 310 972 bone
334 912 482 970 contrivit.
525 931 639 971 annum
660 932 799 977 mensem
820 923 850 971 et
870 911 951 970 diem
972 932 1058 972 cesus
1072 913 1181 970 trullae
1197 911 1342 972 describit

231 993 451 1074 Theophanes:
474 991 570 1082 τούτῳ
593 1001 638 1083 τρι
658 997 730 1075 less,
750 996 824 1078 μηνὶ
841 993 984 1082 Μαΐῳξ,
1006 990 1156 1082 ἡμέραν,
1178 991 1244 1082 ὥρᾳ
1259 997 1341 1074 πέμ-

230 1105 307 1185 app,
341 1060 622 1162 φιλοκαιουμένου
624 1087 681 1146 τοῦ
703 1079 850 1163 τροιιιλου
871 1086 926 1164 τῆς
946 1059 1253 1186 argumententur
1272 1075 1340 1162 (ἦν

251 1165 291 1246 ἂρ
314 1165 526 1247 ὃιιρρηγμένος
545 1166 580 1230 έκ
600 1171 663 1230 τιιν
684 1167 856 1273 γενομένων
879 1171 1026 1246 σιισμιῖν,
1047 1167 1119 1250 ἔργα
1121 1167 1251 1246 ζομένον
1275 1171 1339 1230 cair

229 1193 393 1333 decaicus)
416 1249 564 1315 ἔπεσιν
529 1276 563 1314 το
578 1246 757 1321 οἲνατολικιιν
769 1251 908 1360 μέρος
864 1275 923 1355 της
934 1255 1166 1332 προῦποστοιῆς
1177 1275 1232 1316 του
1220 1250 1339 1354 οιγέου

230 1338 470 1417 θυσιαστηρίου,
490 1337 542 1400 και
557 1338 737 1417 συνέτριψεν
748 1363 782 1402 το
776 1331 942 1419 κιβσιριον
955 1333 1054 1402 καὶ
1017 1361 1074 1418 την
1087 1337 1179 1420 ιιγέιιν
1189 1333 1340 1417 τράπεζαν

199 1499 203 1506 ¹
230 1419 356 1488 suisio
379 1419 517 1502 έμβοινα.
560 1422 701 1484 adhunc
721 1422 937 1504 hemisphaerii
961 1444 1064 1485 casum
1086 1433 1223 1504 spectant
1244 1426 1339 1484 etiam

230 1527 335 1570 versus
354 1509 445 1566 Perdi
460 1509 626 1568 silentiarii
638 1520 717 1590 part.
734 1516 750 1575 1
767 1531 796 1569 ι.
811 1511 913 1574 52:

394 1589 458 1674 ἤδη
474 1591 529 1673 μιν
544 1601 738 1698 σθεναροισιν
753 1595 920 1674 ιπεμβανῑοι
933 1595 1088 1674 depellare
1332 1639 1335 1647 ·

211 1745 221 1759 N
341 1762 363 1828 4
396 1678 566 1762 οφοιρηι’
543 1675 707 1762 ρμιτόμσιο
720 1675 867 1763 κατήριπε
882 1679 1024 1754 θέσκελος
1040 1675 1133 1756 ἄντυξ
1149 1689 1205 1754 eto,
1311 1741 1314 1748 ,

232 1773 307 1825 ιιι.
322 1768 340 1829 1
366 1768 400 1830 i·

396 1842 437 1913 ον’
453 1843 511 1933 γοιρ
528 1841 755 1933 doceminor
768 1843 944 1931 ἐριιινήμοιο
959 1843 1099 1933 καρήνου

398 1931 542 2004 dauco.

231 2019 420 2098 collapsum
410 2023 503 2100 agitur
516 2021 567 2080 vel
578 2031 657 2083 certe
672 2020 887 2081 labefactatum
899 2010 1159 2100 hemisphaerium
1170 2035 1233 2075 non
1245 2011 1339 2086 modo

149 2135 152 2140 ·
231 2104 270 2165 de
292 2125 372 2165 novo
392 2107 570 2168 instauravit
590 2109 791 2177 lastinianus
813 2104 869 2166 sed
884 2108 999 2164 etiam
990 2125 1022 2164 ιιι
1036 2106 1184 2165 maiorem
1201 2098 1338 2160 altitudi-

228 2209 303 2250 nem
326 2194 453 2266 extulit,
488 2190 638 2252 Isidoro
629 2195 747 2252 iuniore
769 2193 889 2252 Milesio
910 2209 983 2252 usus
1007 2188 1185 2263 architecto,
1217 2183 1338 2260 Isidori,

230 2279 285 2357 qui
309 2275 417 2338 aedem
440 2275 627 2357 Sophianam
644 2280 778 2356 primum
794 2287 999 2350 exstruxerat,
1017 2285 1145 2354 nepote,
1168 2274 1253 2332 cuius
1268 2289 1339 2330 me-

228 2363 321 2420 minit
339 2364 520 2467 Procopius
520 2361 558 2420 de
572 2361 672 2421 Aedif.
686 2364 768 2427 22:
791 2363 905 2422 obierat
921 2365 1004 2420 euim
1018 2359 1210 2422 Anthemius.
1252 2359 1339 2464 Aga·

228 2446 326 2507 thies:
348 2445 415 2511 τότε
431 2443 520 2510 δι’
479 2444 573 2511 αυτὸν
586 2472 648 2511 orso
664 2470 719 2513 του
708 2442 844 2511 κλόνου
858 2470 891 2510 το
883 2444 1090 2551 μεσαίτατον
1094 2447 1235 2526 μέρος
1196 2466 1252 2551 της
1264 2436 1339 2522 σ’ρο-

231 2537 295 2610 oric
307 2529 396 2595 net*
375 2557 495 2596 οιταντα
508 2530 700 2615 ιιιιερβοιλον
718 2526 949 2637 ιέιιοβιβιηκότα
966 2526 1146 2597 έπισκιιιασέ
1163 2553 1194 2593 τι
1211 2520 1340 2603 aiberti

232 2616 375 2699 praeteris
396 2615 591 2701 βεβαιότερον
610 2620 663 2684 και
681 2618 732 2682 tut
751 2623 853 2697 μεῖζον
865 2613 949 2697 cepoe
962 2618 1059 2704 έξῃρε.
1102 2636 1195 2699 quam
1212 2612 1339 2695 quidem

230 2705 379 2761 maiorem
399 2704 590 2763 altitudinem
611 2705 653 2768 25
676 2702 790 2784 pedum
812 2724 877 2764 esse
896 2703 1019 2765 tradunt
1042 2704 1199 2783 scriptores
1221 2718 1338 2760 omnes.

230 2786 456 2867 Theophanes:
483 2786 624 2894 praelatio
646 2786 767 2871 ἤγειρεν
788 2785 899 2863 ἄλλους
920 2785 1049 2863 ιιινσοιιι
1069 2789 1121 2851 και
1141 2786 1260 2862 ιιέξαιο
1281 2779 1339 2849 cdv

230 2878 395 2979 κροιιιιον,
418 2869 535 2938 και”
495 2899 595 2950 ονιας
615 2874 757 2976 ἐκτίσθη,
784 2874 927 2953 ιιψιοθιις
945 2873 1093 2945 alioci
1062 2892 1158 2937 ικοσι
1177 2864 1272 2945 πόδας
1295 2870 1340 2944 εἰς

230 2954 384 3041 οἲνιὶβοσιν
406 2956 510 3025 έιιανιι
529 2966 586 3024 τοῦ
604 2955 742 3064 κρότου.
744 2963 912 3040 κτίσματος.
955 2963 1107 3021 Zonaras:
1129 2954 1206 3024 ὅθεν
1224 2955 1339 3064 λέγεται

229 3044 335 3109 sal
302 3070 355 3111 τον
374 3051 505 3128 sectiles
521 3043 683 3151 προστάξει
698 3047 762 3109 τοῖν
778 3045 925 3127 βασιλέοιν
940 3049 1170 3125 καθαιρεθῆναι
1180 3041 1233 3105 και
1244 3033 1340 3115 addar

230 3124 437 3212 οινιγερθῆνιιι
448 3132 501 3195 tet
517 3128 612 3205 ιιὸιοις
626 3132 723 3195 εἴκοσι
734 3132 785 3194 και
801 3132 888 3195 πέντι
903 3126 1134 3239 μετεωρότερον,
1156 3128 1209 3191 και
1227 3133 1338 3189 καθιε-

229 3223 373 3297 ρωθῆναι
386 3242 470 3299 παρα
458 3212 641 3297 Εὕιυχιου
656 3220 712 3280 τοῦ
726 3210 911 3301 πατριάρχου
924 3240 958 3280 το
951 3210 1124 3295 δεύτερον.
1167 3234 1207 3273 ex
1227 3213 1300 3314 quib
1301 3232 1338 3273 ιιι

231 3313 357 3381 apparet
376 3322 454 3385 quse
473 3301 550 3365 fides
563 3300 736 3361 adhibenda
748 3305 788 3361 sit
800 3303 966 3382 nugacibus
981 3322 1016 3361 ac
1030 3303 1177 3382 imperitis
1195 3300 1262 3359 aevi
1278 3318 1338 3357 ex-

121 3390 144 3442 Ρ
161 3388 215 3446 649
230 3390 320 3447 tremi
341 3389 511 3465 Graeculis,
533 3389 731 3449 scribentibus
753 3389 835 3447 ulnis
857 3386 1004 3447 duntaxat
1022 3387 1196 3468 quindecim
1211 3406 1229 3443 a
1243 3385 1338 3464 priori

229 3471 390 3533 altitudine
407 3434 517 3535 excisis
534 3472 793 3581 hemisphaerium
811 3494 930 3533 rursum
946 3472 1182 3547 aedificatum,'
1173 3492 1207 3531 ιιι
1227 3471 1339 3579 quibus

228 3570 277 3619 est
290 3560 428 3665 Glypasz
450 3553 634 3664 ἆνεγιέρεται
655 3551 766 3631 αὖθις,
787 3554 927 3634 ιιιιιινορ
950 3556 985 3623 δι
1006 3553 1185 3637 λειπόμενοι
1206 3578 1284 3638 προς
1302 3550 1338 3619 το

227 3638 339 3729 πρώην
351 3638 485 3726 ὄρμυιοιν
500 3638 547 3708 ιε’.
589 3643 698 3705 eadem
714 3642 827 3705 habent
844 3648 1022 3725 Anonymus
1036 3656 1067 3705 et
1080 3643 1223 3704 Godinus.
1268 3658 1338 3699 cum

227 3732 321 3810 igitur
341 3732 492 3810 Euagrius
510 3728 727 3810 hemisphaerii
743 3729 941 3791 altitudinem
962 3750 981 3789 a
999 3733 1173 3810 pavimento
1194 3726 1235 3787 ad
1252 3726 1337 3787 iltius

228 3828 367 3877 centrum
379 3815 495 3899 pedum
508 3817 721 3896 mucymus
732 3835 804 3877 vero
814 3814 1006 3877 altitudinem
1018 3836 1036 3875 a
1047 3834 1167 3878 summe
1179 3822 1339 3873 curvatura

228 3921 356 3961 arcumn
375 3920 473 3982 usque
497 3899 538 3960 ad
559 3900 1197 4005 pavimentum142pedumeesatradant,
1217 3896 1340 3957 ridetur

229 3989 336 4047 confici
360 3985 608 4068 hemisphaerii
599 3991 696 4069 ipsius
718 3986 912 4049 altitudinem
936 4008 1003 4049 ease
1028 3991 1069 4053 38
1089 3944 1216 4089 pedurh.
1264 4002 1338 4043 nam

230 4074 367 4148 Torone,
388 4094 444 4155 per
457 4093 549 4155 quem
562 4073 671 4133 aedem
684 4072 872 4152 Sophianam
885 4072 1259 4151 metiriouravitGyllius,
1279 4066 1339 4127 he·

229 4158 450 4240 mispheerium
469 4179 532 4222 non
551 4179 675 4220 mensus
696 4168 760 4234 est,
789 4162 843 4240 qui
867 4162 894 4219 ιι
917 4170 997 4219 recte
1022 4178 1145 4219 rnenaue
1161 4166 1240 4217 esset
1253 4156 1337 4215 illias

230 4246 440 4321 altitudinem,
462 4265 532 4311 eem
544 4246 582 4305 ab
597 4242 756 4304 altitudine
771 4263 866 4326 quam
882 4243 973 4305 tradit
985 4246 1134 4325 Euagrim
1150 4260 1259 4323 param
1273 4238 1339 4299 dis·

231 4350 354 4414 crepare
375 4334 589 4415 comperisset,
615 4340 650 4393 ut
670 4330 792 4414 Gyllius
816 4328 941 4414 quidem
962 4332 1135 4407 existimet,
1163 4344 1339 4413 quanquam
