3000 4850
258 262 333 336 146
517 264 730 348 QUERGlUS
756 265 801 332 IN
827 266 1105 334 HERACLIADIS

257 435 355 493 tiones
378 430 512 514 expendi
532 442 563 492 et
583 433 670 492 iuxta
686 435 785 494 varias
798 436 989 515 planetarum
1006 435 1122 515 species
1139 436 1370 499 conversiones-

258 540 317 601 que
330 528 361 577 et
374 529 537 598 potestates
554 520 706 598 explorari
725 532 813 578 antea
828 533 988 601 oporteret.

345 610 396 670 61.
440 602 514 686 quid
529 606 590 663 sint
604 603 774 686 σκάμματα,
798 605 914 665 dictum
927 626 1017 686 supra
1034 627 1064 664 v.
1081 604 1132 670 5¹.
1177 618 1208 665 at
1222 603 1273 666 hic
1287 608 1369 666 Pisi-

196 715 200 722 ’
262 688 333 750 dam
353 701 426 771 puto
448 709 554 748 vocare
575 703 744 750 scamarum
766 711 806 750 ex
827 703 975 752 astrorum
997 693 1204 752 observatione
1225 693 1332 772 petitas
1350 714 1368 751 a

260 779 358 856 Magis
374 772 574 850 definieram,
596 777 706 858 quibus
718 779 765 836 illi
779 780 934 838 vanissimi
949 788 1160 852 aeruscatores,
1173 779 1278 859 quales
1290 797 1369 860 qun-

261 864 321 921 live
336 863 399 921 fato
412 862 506 921 futuri
524 874 623 922 essent
638 861 795 940 homines,
825 867 877 946 qni
892 865 946 924 snb
962 867 1166 944 cuiuscunque
1184 863 1290 923 sideris
1304 865 1368 924 lor-

262 967 313 1007 ma
328 957 359 1006 et
371 950 520 1027 positione
535 951 600 1006 nati
613 959 722 1026 essent,
745 949 937 1010 devinabent.
979 947 1065 1032 ’ὄργια
1079 960 1182 1008 antem
1194 948 1367 1008 huiusmodi

263 1053 358 1113 nugas
373 1044 402 1092 et
416 1032 613 1093 deliramenta
627 1037 776 1116 appellat,
806 1047 873 1095 tum
885 1046 919 1095 ut
933 1056 983 1096 eas
1002 1055 1096 1116 aeque
1112 1036 1221 1115 impias
1241 1045 1270 1093 et
1284 1038 1366 1094 insa-

261 1138 317 1179 nas
338 1141 404 1179 esse
430 1117 615 1179 demonstret
636 1142 671 1180 ac
685 1122 867 1182 Graecorum
890 1125 988 1201 orgia,
1018 1121 1126 1202 quibus
1149 1122 1223 1180 olim
1246 1119 1366 1180 Baccho

262 1223 347 1264 sacra
359 1205 488 1282 fiebant,
517 1215 584 1263 tram
597 1216 630 1265 ut
644 1209 803 1286 Magorum
815 1209 973 1267 stultitiam
988 1217 1094 1282 vexet,
1127 1209 1179 1288 qui
1195 1216 1228 1265 ut
1243 1207 1365 1286 popello

262 1291 296 1350 id
308 1295 539 1372 praestigiarum
550 1292 669 1352 facilius
684 1291 891 1370 venditarent,
913 1295 946 1351 in
961 1293 1074 1373 templa
1089 1301 1119 1350 et
1130 1311 1222 1371 pyrea
1237 1293 1366 1366 coibant,

262 1388 298 1436 nt
310 1377 348 1436 de
364 1380 520 1451 saficiniis,
539 1397 617 1458 qnae
631 1381 722 1457 orgiis
737 1377 813 1460 quid
826 1379 935 1455 simile,
959 1381 986 1438 si
1002 1397 1103 1437 rerum
1117 1379 1281 1436 vanitatem
1295 1397 1367 1458 spe-

264 1473 336 1538 ctes,
359 1466 467 1522 merito
482 1462 605 1538 dixeris,
627 1466 706 1523 inter
717 1485 750 1524 se
765 1465 1007 1547 colloquerentur
1020 1475 1048 1524 et
1066 1462 1276 1522 deliberarent.
1306 1467 1367 1521 ita-

265 1569 324 1629 que
338 1547 440 1608 Pisida
453 1568 508 1628 per
519 1545 575 1607 has
588 1549 748 1610 verborum
766 1552 926 1632 ambages,
957 1553 1076 1630 opinor,
1105 1551 1248 1628 exprimit
1258 1547 1367 1606 Persa-

264 1653 333 1692 rum
347 1635 517 1709 levitatem,
548 1637 601 1715 qni
612 1633 795 1716 horoscopus
810 1647 840 1696 et
853 1639 1021 1718 genituras,
1054 1637 1228 1714 ceteroquin
1247 1653 1294 1692 res
1312 1654 1367 1693 va-

264 1718 422 1796 nissimas,
451 1721 571 1802 utquid
582 1739 701 1780 sacrmn
714 1732 885 1781 tractarent.
929 1723 982 1803 qui
1002 1721 1089 1802 plura
1111 1721 1201 1796 velit,
1231 1737 1309 1800 quae
1328 1718 1367 1777 ed

265 1826 331 1864 rem
342 1807 471 1881 faciam,
499 1805 569 1886 napi
583 1811 781 1890 γενεθλιακῆς
795 1807 883 1867 adeat
898 1807 1068 1866 Labienum
1082 1805 1121 1864 de
1133 1803 1289 1886 Astrolog.
1315 1805 1366 1886 qui

264 1888 344 1950 hanc
352 1893 448 1973 plane
464 1891 625 1951 ridiculam
638 1896 796 1953 scientiam
817 1891 970 1969 defendit,
993 1903 1024 1950 et
1041 1891 1176 1950 Gellium
1195 1889 1233 1954 14
1251 1891 1286 1966 1,
1308 1909 1367 1971 quo

263 1997 355 2038 nemo
375 1980 485 2039 melius
507 1981 588 2037 inter
607 1990 723 2039 veteres
746 1979 960 2040 subtilissimae
981 1978 1052 2037 artis
1074 1973 1272 2035 fundamenta
1295 1993 1367 2035 con-

263 2065 360 2124 vellit.

349 2153 401 2213 62.
444 2149 602 2229 Magorum
636 2150 804 2225 inscitiam,
835 2158 866 2208 et
898 2149 1062 2209 vanitatem
1088 2145 1200 2206 evincit
1227 2145 1367 2228 exemplo

265 2231 435 2309 chosroae,
458 2251 551 2314 quem
572 2233 626 2292 din
648 2237 798 2294 victurum
819 2253 859 2294 ex
876 2233 1043 2314 horoscopo
1061 2231 1293 2313 praedixerant,
1315 2251 1367 2291 ns-

266 2319 402 2401 qoedum
418 2321 484 2398 ipse
498 2320 535 2378 ab
550 2320 625 2378 urbe
639 2319 834 2400 Ctesiphonte
848 2319 1007 2396 invisenda
1027 2315 1204 2394 abstineret,
1227 2338 1300 2377 eum
1321 2318 1367 2375 in-

265 2406 424 2465 terfectum
445 2407 484 2463 iri
506 2424 524 2463 a
547 2405 610 2465 filio
632 2404 719 2465 Siron
742 2408 863 2486 penitus
885 2408 1076 2487 ignorantes,
1099 2405 1237 2486 quamvis
1261 2421 1313 2463 eos
1337 2413 1368 2461 ut

265 2512 361 2571 genus
388 2487 542 2573 quoddam
564 2488 723 2549 fatidicum
745 2503 775 2551 et
797 2491 933 2551 divinum
954 2490 1058 2550 laudet
1077 2493 1227 2551 Lucienus
1247 2490 1280 2549 in
1294 2490 1368 2547 Ma-

267 2577 385 2635 uobiir.
430 2574 541 2635 horum
563 2574 602 2635 de
624 2589 721 2637 morte
740 2576 892 2638 Chosroae
914 2580 1090 2638 vaticinium
1104 2574 1199 2637 habas
1214 2578 1247 2633 in
1263 2574 1368 2634 Theo-

266 2660 367 2742 phane
376 2684 413 2741 p.
429 2665 503 2726 269.
547 2674 680 2722 ceterum
695 2664 741 2722 nil
761 2666 890 2740 mirum,
913 2666 940 2723 si
952 2666 1089 2721 omniurn
1104 2682 1205 2721 rerum
1219 2659 1368 2719 humana-

268 2768 336 2806 rum
355 2758 476 2826 tempus
493 2749 641 2808 rationem
654 2759 685 2808 et
699 2769 821 2809 causam
834 2752 917 2829 Magi
932 2752 965 2808 i'n
983 2749 1085 2823 coelo,
1107 2758 1137 2806 et
1155 2768 1195 2806 ex
1211 2748 1307 2807 stellis
1320 2766 1368 2803 re-

267 2834 440 2915 quirebant,
468 2852 537 2892 cnm
553 2838 659 2894 ametis
671 2836 745 2895 vitio
760 2846 827 2894 turn
840 2836 930 2894 multi
946 2836 1039 2893 etiarn
1053 2834 1127 2893 alibi
1141 2832 1368 2891 circumferren-

266 2930 316 2979 tur
335 2918 474 2979 homines
495 2918 628 2998 fatidici,
649 2923 703 3002 qui
720 2922 841 3001 regibus
861 2924 941 2981 vitae
955 2928 1110 2979 momenta
1125 2920 1245 2997 singula
1261 2916 1369 2997 expla-

267 3026 357 3082 nare,
380 3015 410 3063 et
431 3024 490 3086 quo
512 3008 640 3088 quisque
653 3009 883 3085 generemortis
898 3018 927 3066 et
940 3008 1002 3065 ictu
1014 3007 1157 3086 temporis
1172 3014 1251 3063 esset
1263 3004 1368 3062 interi-

267 3101 367 3166 turus,
384 3112 422 3160 ,se
435 3110 523 3170 posse
536 3091 710 3171 praedicere
724 3093 951 3172 profiterentur3
975 3093 1060 3151 cuius
1074 3094 1118 3149 rei
1133 3100 1225 3149 testes
1241 3099 1312 3149 sunt
1326 3097 1369 3147 tot

267 3178 457 3237 austriorum
475 3187 506 3236 et
525 3181 677 3237 visionrnn
697 3179 805 3237 libria
827 3176 1003 3238 Christianis
1019 3174 1189 3236 auctoribus
1201 3174 1368 3248 memorati,

268 3261 307 3321 de
329 3264 439 3344 quibm
460 3260 609 3323 videndam
629 3263 783 3323 Fabricius
799 3262 885 3323 Bibl.
909 3264 1019 3323 Gmec.
1039 3262 1098 3323 vol.
1117 3266 1189 3341 bp·
1204 3263 1284 3336 368,
1307 3259 1369 3341 qui,

141 3382 146 3393 ·
268 3359 304 3407 ut
321 3351 416 3424 solet,
436 3348 616 3429 pererudite
628 3348 778 3410 disserms
795 3360 898 3409 utrmn
912 3352 1010 3409 Leoni
1024 3350 1163 3428 Sapienti
1179 3366 1275 3405 neone
1292 3354 1369 3403 recte

159 3500 164 3507 .
268 3434 438 3493 uibuautur
450 3436 570 3494 oracula
581 3453 660 3516 quae
674 3436 730 3496 sub
746 3438 811 3496 eius
825 3438 947 3496 nomine
959 3435 1218 3507 circmferuntnr,
1240 3433 1370 3511 plurima

267 3516 442 3579 huiusmodi
454 3522 564 3599 scripta
576 3533 721 3581 recesset.
764 3525 828 3581 Leo
840 3524 932 3581 etiam
943 3523 1074 3581 Allatius
1081 3517 1217 3577 Diatrtb.
1228 3518 1266 3575 de
1276 3516 1371 3575 Geor·-

266 3605 329 3683 giris
337 3626 372 3683 p.
384 3605 445 3668 351
463 3606 559 3665 obiter
569 3608 732 3668 nonnullos
743 3611 954 3668 vaticiniorum
967 3608 1059 3665 libros
1073 3614 1232 3679 memorat,
1247 3622 1288 3661 ex
1302 3602 1369 3683 qrri·

269 3691 326 3750 bns
339 3693 432 3748 etism
445 3702 569 3771 apparet
583 3696 734 3753 exstitisse
746 3696 821 3753 olim
835 3692 986 3776 quaedam
1000 3692 1120 3753 oracula
1133 3688 1284 3749 chosroae
1296 3691 1371 3747 Per-

269 3796 371 3835 sarum
388 3778 470 3861 regis
490 3781 612 3837 nornine
629 3782 790 3860 inscripta,
813 3799 960 3861 quorum,
981 3781 1013 3837 ni
1030 3778 1136 3850 fallor,
1159 3776 1312 3854 specimen
1327 3782 1373 3832 est

269 3860 302 3919 id
339 3860 423 3944 quod
451 3860 490 3920 de
518 3866 668 3925 vaticiniis
694 3864 846 3927 Chosroae
882 3864 974 3925 tradit
1001 3860 1178 3943 Theopbyl.
1208 3860 1372 3921 Simocatta

353 4036 406 4099 68.
449 4031 654 4115 Theophanes
671 4058 708 4114 p.
725 4038 788 4105 271
809 4048 910 4099 narrat
929 4036 1049 4096 Siroam
1070 4030 1214 4093 suadente
1233 4031 1372 4091 llersclio

268 4120 301 4179 in
320 4116 486 4178 chosroam
505 4120 687 4200 parricidam
706 4126 954 4197 armamovisse,
982 4124 1146 4201 ipsumque
1163 4120 1278 4177 catenis
1296 4136 1372 4177 onu-

269 4214 350 4263 stum
361 4207 394 4263 in
407 4225 558 4265 carcerem
571 4204 749 4283 detrusisset
772 4209 816 4267 ibi
828 4219 931 4267 autem
944 4218 1078 4286 satrapas
1093 4205 1300 4281 constituisse,
1322 4202 1373 4283 qui

271 4310 341 4349 enm
363 4310 442 4371 pane
465 4304 495 4353 et
515 4313 594 4375 aqua
614 4313 703 4373 parce
716 4304 919 4355 sustentatum
933 4295 1051 4371 iniuriis
1063 4292 1247 4351 lacesserent
1256 4300 1288 4349 et
1302 4306 1373 4348 cou-
