3000 4850
233 335 306 410 164
492 300 706 420 uumerus
730 335 777 402 u
803 333 1081 402 censemus

316 507 391 569 207.
433 494 512 650 αἶψ’
531 498 636 564 αὐταῖν
655 519 710 580 pro
729 493 809 563 καθ’
831 499 957 580 ἑαυτοῦ,
981 511 1014 561 ut
1038 501 1110 560 alibi
1131 497 1214 584 τῖμᾶς
1226 515 1256 563 et
1270 502 1344 588 spru

253 591 457 653 mduw·
1204 583 1287 607 '⁴

230 613 252 672 p
317 679 392 739 212.
435 670 569 753 plurima
589 668 742 732 chosroae
757 672 871 751 palatia
884 673 1137 732 memoranturin
1151 671 1342 755 Theophane

232 763 271 820 ab
301 758 442 819 Heraclio
471 775 592 833 eversa,
621 776 699 840 quse
716 760 837 816 Persico
861 760 984 817 nomine
1005 757 1239 838 distinguuntur.
1281 781 1342 819 non

232 849 324 925 longe
341 865 361 904 a
376 842 563 923 Dastagerd,
586 854 621 901 ut
640 841 778 918 videtur,
802 855 865 902 erat
883 845 1032 924 palatium
1045 843 1211 903 Bebdmcls
1224 865 1341 905 nuncu-

231 943 362 1014 patum,
376 929 416 990 de
428 949 489 1013 quo
503 931 546 989 ita
554 949 592 1008 p.
610 931 690 994 268:
711 927 732 993 d
746 923 889 1011 βασιλεῖς
902 929 1039 1010 ἐπῆλθεν
1052 917 1096 1006 εῖς
1108 925 1181 993 ἄλλο
1195 927 1343 994 παῖαῖτιαν

231 1014 266 1082 rd
301 1008 515 1100 iusieyo'pevos
546 1008 699 1096 Βεβῖρᾶχ·
729 1013 783 1076 καὶ
806 1019 896 1078 ταῦτα
917 1013 1179 1094 καταστρέψαντες
1198 1015 1252 1078 καῖ
1269 1017 1343 1100 πυρὶ

231 1100 417 1185 παραδόντες
430 1094 627 1183 εῖχαρῖατυυν
640 1103 684 1184 τῷ
693 1103 771 1185 θεῷ.
801 1111 832 1158 at
843 1100 934 1181 paulo
948 1111 1017 1182 post
1031 1099 1114 1160 idem
1124 1099 1342 1182 Theophanes,

233 1191 416 1248 enumeratis
429 1187 603 1266 ingentibus
615 1182 728 1245 divitiis
741 1205 820 1268 quae
835 1190 868 1246 in
882 1184 1087 1268 Dastegerdae
1100 1187 1221 1266 palatiis
1235 1191 1340 1246 inven-

232 1286 282 1334 tae
300 1284 387 1350 sunt,
409 1274 469 1331 ait:
492 1271 634 1353 ἐποίησεν
655 1269 676 1335 d
692 1269 836 1353 βασιλευς
848 1270 900 1336 καῖ
912 1269 970 1354 τήν
984 1269 1093 1355 ἑορτήν
1106 1277 1169 1336 τῶν
1183 1277 1293 1376 puteis
1309 1273 1342 1336 ἐν

232 1358 407 1443 Δααταγέρῖ
506 1356 561 1420 καῖ
579 1355 797 1439 καταστρέφων
817 1355 854 1420 καῖ
873 1361 929 1422 τοῦ
956 1353 1092 1442 Χοαρῖου
1111 1362 1259 1435 παῖατια,
1279 1359 1341 1422 xri·

233 1466 332 1526 σματα
350 1441 500 1526 τῖπέρτιμα
519 1439 593 1507 ’ὄντα
612 1442 665 1505 καῖ
679 1439 844 1524 θαυμασταὶ
860 1443 913 1507 καῖ
927 1439 1171 1524 καταπληκτικοὶ,
1193 1440 1271 1526 ἅπερ
1286 1443 1342 1520 ἕως

232 1526 368 1608 ἐδάφους
390 1533 551 1606 καθεῖλεν,
572 1528 626 1592 ῖνα
645 1525 734 1614 μάθῃ
758 1524 902 1612 Χοσρόηα
923 1525 991 1594 αῖον
1010 1525 1111 1594 πόνον
1127 1525 1211 1610 εἶχον
1227 1531 1260 1594 αῖ
1271 1527 1341 1594 Ῥα-

233 1621 321 1698 μαῖαν
332 1619 397 1679 ταῖν
409 1609 529 1678 πόλεων
545 1613 761 1696 ῖρημυυμῖναν
777 1609 852 1697 παρ’
869 1609 1034 1680 αὐτοῦκαὶ
1047 1614 1314 1697 πυρποῖυυμέκπν.

316 1701 390 1768 224.
434 1703 590 1781 eleganter
604 1721 658 1780 per
670 1703 924 1780 prosopopoeiam
936 1705 1041 1782 ignem
1054 1699 1237 1780 gaudentem
1248 1698 1341 1758 indn-

120 1835 135 1848 .
233 1788 291 1863 cit,
313 1785 397 1868 quod
409 1787 447 1845 ab
461 1789 555 1867 impio
567 1787 730 1846 Persarum
742 1787 826 1845 csrltu
840 1788 932 1848 fuerit
948 1789 1111 1864 liberatus,
1133 1785 1269 1846 debitum
1284 1783 1341 1845 deo

232 1872 381 1933 honorem
400 1873 458 1930 sibi
482 1874 628 1952 praestari
648 1891 738 1951 aegre
756 1872 915 1932 ferentem.
959 1876 1001 1932 ita
1020 1893 1116 1952 supra
1132 1872 1298 1934 Aemus.1
1321 1877 1342 1937 6

234 1970 263 2017 et
275 1979 358 2040 seqq.
404 1959 500 2017 solem
514 1968 545 2016 et
557 1959 663 2016 lunam
679 1956 788 2016 eadem
803 1955 840 2018 de
855 1977 945 2018 causa
959 1961 1070 2038 gestire
1084 1977 1120 2017 ac
1133 1958 1240 2016 laetari
1253 1956 1342 2017 iube-

232 2045 295 2102 bat.
334 2045 435 2103 simile
449 2053 551 2101 autem
564 2053 610 2102 est
621 2041 699 2102 illud
709 2044 800 2102 Pauli
813 2044 906 2102 Rom.
922 2047 943 2109 8
965 2048 1024 2108 21:
1047 2045 1121 2124 quia
1136 2054 1165 2100 et
1177 2045 1245 2124 ἰρεα
1259 2063 1343 2101 στεα-

233 2141 303 2188 turu
328 2128 505 2189 laborabili&
526 2148 547 2188 a
569 2130 709 2189 sevitute
723 2131 923 2209 comptionis
936 2132 970 2188 in
983 2127 1119 2188 libertate
1131 2127 1343 2208 glcrs'aefilsb-

232 2236 302 2274 rum
312 2215 371 2274 det.

318 2305 392 2365 227.
437 2303 477 2360 αῖ.
495 2298 666 2382 de’lixped.
681 2305 843 2368 sosoma
866 2305 898 2371 5.

317 2391 392 2452 230.
437 2407 473 2447 ec
485 2384 624 2467 frigidior
637 2389 726 2448 uubis
739 2386 900 2449 videbatur
912 2386 1004 2450 huius
1017 2389 1162 2469 poematii
1179 2387 1341 2462 conclusio,

232 2470 316 2553 quud
332 2469 481 2532 Chosroes
495 2493 558 2532 nou
571 2476 643 2552 igne
657 2475 831 2535 combustus
845 2477 946 2556 periit.
989 2478 1137 2535 misemm
1150 2493 1246 2553 genus
1260 2492 1343 2530 mor-

232 2560 288 2631 tis,
318 2555 402 2638 quod
422 2559 529 2635 subiit,
555 2568 658 2618 narrat
677 2558 885 2641 Theophanes
901 2584 939 2642 p.
964 2564 1039 2625 272.
1082 2558 1138 2619 sed
1158 2570 1193 2619 ut
1215 2556 1343 2631 ridetur,

232 2639 337 2723 Pisida
349 2645 482 2703 intentus
495 2646 528 2703 iu
539 2642 692 2704 laudanda
704 2649 899 2727 potissimum
911 2650 1023 2728 pietate
1036 2644 1169 2705 Heraclii
1182 2642 1260 2703 illud
1272 2662 1343 2723 prae

232 2729 339 2787 ceteris
363 2728 570 2805 commendat,
605 2730 688 2812 quod
709 2733 873 2792 Persarum
897 2738 1008 2814 πυρεῖα
1031 2732 1145 2812 ubique
1167 2730 1345 2789 subverterit

232 2816 413 2893 imperetur,
439 2826 474 2874 ut
499 2816 571 2874 alibi
595 2814 709 2877 dietum
731 2829 788 2878 est.
838 2828 922 2878 tanta
945 2820 1028 2876 enim
1048 2818 1108 2875 fuit
1128 2819 1289 2874 Persarum
1310 2815 1343 2869 in

232 2903 336 2979 ignem
358 2902 484 2980 religio,
506 2912 540 2960 ut
563 2904 656 2960 etiam
674 2923 781 2982 regum
796 2906 909 2983 palatia
927 2908 1038 2986 πυρεῖα
1054 2900 1239 2975 dicerentur,
1262 2896 1344 2979 quod

231 2987 353 3044 nullum
369 2997 448 3045 esset
461 2989 525 3045 sine
539 2988 654 3067 templo
668 2991 827 3069 palatium.
871 3008 965 3073 quare
981 2998 1015 3047 ut
1029 2985 1064 3045 id
1079 2988 1177 3046 obiter
1189 3003 1342 3057 moneam,

232 3069 410 3151 corrigenda
433 3083 478 3131 est
498 3074 582 3131 Porti
598 3078 697 3133 versio
715 3078 750 3133 in
770 3072 883 3151 Suids,
915 3076 969 3157 qui
999 3076 1128 3133 auctoris
1148 3069 1186 3130 de
1205 3068 1343 3129 Heraclio

232 3159 390 3218 scribentis
404 3160 438 3215 irs
450 3178 521 3216 voce
532 3164 660 3239 πυρεῖον
670 3161 775 3236 verba,
798 3157 818 3225 ὅ
831 3156 864 3224 δὲ
872 3156 1047 3241 Ἡράκλειος
1058 3153 1114 3232 ταῖς
1126 3180 1159 3222 τε
1173 3150 1277 3229 πόλεις
1289 3178 1346 3217 κα-

232 3238 325 3327 θῄρει
339 3243 394 3306 καῖ
406 3237 444 3305 τὰ
457 3250 568 3324 πυρεῖα
583 3243 740 3328 διέστρεφε
753 3248 814 3308 ταῖν
829 3249 976 3327 Περσῶν,
996 3246 1040 3303 ita
1054 3246 1159 3320 vertit,
1182 3240 1347 3301 Heraclius

232 3348 302 3386 vero
326 3340 356 3386 et
375 3326 463 3387 urbes
481 3329 643 3389 demutas
662 3343 707 3389 est
723 3342 751 3389 et
767 3330 907 3411 speculas
925 3332 1099 3389 Persarum.
1145 3347 1220 3387 nam
1235 3330 1345 3409 πυρεῖα

232 3434 295 3473 uon
318 3424 388 3473 sunt
407 3414 561 3493 spaerulae,
583 3435 639 3474 uec
657 3430 755 3477 turres
777 3438 794 3475 e
814 3418 924 3499 quibus
941 3418 1021 3496 iguis
1040 3412 1270 3489 accenderetur,
1291 3409 1346 3471 sed

108 3511 128 3534 ¹·
232 3498 323 3577 plane
337 3502 452 3580 templa
465 3504 531 3579 igni
543 3521 638 3561 sacra.
680 3506 783 3563 minus
797 3504 946 3562 aberravit
962 3522 980 3560 a
995 3522 1077 3577 vero,
1100 3498 1154 3559 sed
1167 3510 1346 3559 remtamen

233 3604 295 3642 nou
322 3588 436 3664 attigit,
466 3585 629 3647 Scacchius
653 3588 781 3648 Muutls.
802 3594 823 3654 2
845 3587 903 3663 48,
930 3591 983 3669 qui
1004 3585 1063 3647 hcc
1084 3586 1258 3645 testimonio
1272 3603 1345 3643 usus

234 3679 280 3728 est
291 3667 417 3728 auidae
438 3682 473 3730 ut
496 3673 637 3752 probaret
654 3680 782 3755 πυρεῖον
800 3674 975 3754 sigmflrure
990 3673 1110 3753 ignium
1124 3668 1348 3750 receptaculum

232 3754 278 3813 ad
294 3754 572 3837 suffiendgutiorres,
594 3762 678 3840 quod
694 3760 784 3839 αμα]
803 3782 857 3818 noa
876 3757 1067 3818 thunbulum
1083 3768 1110 3815 et
1125 3756 1347 3837 thyms'aterium

233 3841 296 3899 dici
305 3852 416 3919 potest.
462 3842 518 3902 sed
540 3856 575 3903 ut
597 3844 636 3904 ed
654 3845 792 3905 Pisidem
812 3843 990 3920 redeamus,
1014 3854 1129 3903 cauum
1145 3854 1190 3902 est
1209 3861 1279 3901 eum
1296 3837 1350 3897 hic

233 3928 383 4004 respicere
407 3925 446 3986 ad
467 3928 634 4009 stupendae
650 3942 816 3992 structurae
834 3932 1002 4011 palatium,
1024 3926 1107 4011 quod
1125 3926 1273 3988 Ohcsrues
1289 3922 1349 3984 ha-

232 4013 299 4070 buit
315 4012 539 4093 Dastagerdae,
562 4019 719 4083 Heraclius
735 4028 838 4076 autem
851 4014 989 4076 funditus
1008 4014 1121 4075 delevit
1136 4024 1226 4095 atque
1240 4015 1350 4072 incen-

234 4096 295 4173 dit,
318 4096 403 4179 quod
420 4100 465 4157 ibi
486 4103 580 4182 impio
596 4104 679 4163 cultu
691 4106 772 4182 ignis
785 4121 848 4162 una
860 4102 953 4163 simul
967 4122 1037 4161 cum
1053 4099 1186 4161 chosroe
1205 4097 1350 4158 adorare-

233 4194 295 4259 tur,
311 4194 346 4242 ut
357 4186 450 4265 paulo
465 4196 535 4246 ante
547 4180 579 4247 υ.
593 4192 658 4253 220
671 4181 827 4249 innuimus
843 4208 884 4248 ex
897 4185 1100 4269 Theophane.
1131 4206 1205 4245 uam
1219 4188 1351 4263 πυρεῖυυ

234 4270 385 4349 templum
405 4272 455 4330 vel
475 4274 624 4352 palatium
644 4274 723 4354 ignis
743 4286 878 4335 erectum
897 4271 1118 4353 Dastagerdae‚
1140 4290 1220 4353 quae
1243 4286 1351 4348 regum

233 4352 377 4417 Persidos
390 4355 478 4419 sedes
488 4359 557 4439 fuit,
579 4360 670 4440 longe
684 4360 752 4422 aliis
766 4362 972 4442 sumptuosius
987 4380 1022 4420 ac
1034 4359 1167 4420 nobilius
1180 4356 1275 4417 fnisse
1287 4372 1353 4413 uun
