3000 4850
266 323 339 396 136
712 319 925 404 annclus

262 502 406 574 patronae
418 489 561 560 verbnm3
591 505 670 568 quae
686 488 899 549 sententiam
919 483 978 546 dec
993 486 1136 568 scriptam
1150 485 1323 566 pronuntiat
1337 495 1366 544 et
1474 523 1475 572 ρ

263 578 429 650 confirmat,
451 585 497 634 eat
511 572 645 650 deipara.

349 664 422 726 869.
465 653 600 730 intolede
615 660 652 716 ab
665 655 846 736 milicem,
868 658 924 736 qui
936 656 1112 738 qru'dsactu
1124 659 1165 713 ait
1177 676 1253 736 apua
1266 657 1367 716 dacaru

265 751 320 808 nr't.
367 749 433 806 eiua
447 747 530 804 vocie
547 744 684 818 nullum,
707 742 789 824 qnod
801 746 912 818 eciam,
936 753 981 802 eat
996 743 1182 822 exemplum.

348 836 421 896 870.
464 828 573 888 alludit
596 826 635 887 ad
655 828 821 888 secumdam
843 829 1110 908 supplicationem,
1165 845 1225 914 qna
1255 825 1367 886 indicta

263 920 387 997 Sergius
407 914 537 994 deauper
547 915 749 973 murosurbis
765 917 925 974 servatoria
939 915 1034 973 nostri
1048 917 1117 972 Iesu
1133 911 1244 972 chricti
1256 915 1368 992 imagi-
1475 945 1476 974 t

263 1023 335 1063 nean
351 1001 542 1062 circumtulit.
583 997 654 1058 ride
668 1019 699 1057 v.
714 1003 789 1064 2¹3.

348 1091 420 1153 878.
464 1085 690 1144 celeberrimam
702 1087 822 1143 iconam
835 1076 1082 1164 α’χειροποίητον,
1106 1083 1369 1142 Camulianeneem

262 1193 282 1233 a
294 1173 432 1233 canutio
447 1169 654 1249 Cappadociae
674 1171 794 1228 civitate
813 1180 1034 1248 nuncupatam,
1065 1167 1178 1228 indicat
1191 1175 1298 1247 potta,
1328 1167 1367 1226 de

262 1279 323 1340 qna
337 1257 531 1318 disertissime
541 1256 697 1314 Gretaerne
710 1257 742 1313 in
757 1256 833 1314 libro
847 1255 884 1312 de
891 1255 991 1334 Img.
1006 1274 1067 1313 non
1081 1255 1267 1333 mamistram
1277 1275 1304 1312 c.
1318 1255 1366 1318 15.

263 1345 367 1404 confer
381 1342 419 1401 de
436 1339 539 1418 exped.
557 1339 686 1399 Herucl.
707 1347 721 1405 1
744 1341 823 1416 140,
847 1349 877 1398 et
894 1351 981 1400 notae
994 1339 1166 1400 combefisii
1179 1339 1224 1397 ad
1235 1339 1363 1398 Narrat.
1476 1341 1477 1348 ’

261 1430 299 1488 de
312 1427 402 1486 Bello
416 1426 518 1485 Ahar.
572 1450 574 1457 ·

346 1510 419 1578 875.
462 1521 544 1570 tanta
566 1510 626 1569 tuit
647 1510 694 1569 via
719 1510 854 1569 obiectae
875 1507 1013 1570 hostibus
1027 1511 1185 1590 imaginis,
1217 1519 1252 1568 ut
1266 1511 1367 1568 atatim

260 1609 346 1678 terga
367 1607 518 1657 verterent
533 1616 590 1654 nec
610 1593 757 1654 auderent
778 1598 932 1671 recimere,
964 1599 1035 1677 qnia
1055 1594 1192 1656 eiusdem
1213 1605 1367 1675 aspectum

260 1688 422 1766 nequirent
435 1685 593 1741 anatinere.
635 1679 707 1744 hinc
727 1679 829 1760 lepida
850 1689 939 1761 poeta
955 1683 1097 1762 Sergium
1112 1679 1181 1740 dolo
1202 1683 1367 1738 circumve-

260 1772 342 1828 niaae
355 1767 502 1841 iudicem,
528 1767 642 1825 scilicet
655 1765 765 1841 deum,
787 1770 887 1826 visum
899 1769 936 1826 iri
951 1768 1092 1826 affirmat.
1134 1763 1190 1826 aed
1208 1769 1261 1848 qui
1278 1767 1368 1824 fuerit

262 1853 350 1915 dolna
364 1874 424 1936 quo
438 1852 570 1912 indicem
584 1855 732 1931 corrupit,
764 1871 840 1912 mox
857 1853 983 1932 patebit.

346 1939 419 2003 889.
440 1940 578 2018 precibus
591 1939 722 2010 ieiuniis,
738 1947 769 1996 et
784 1939 984 2017 eleemosynis
999 1935 1093 1996 divini
1107 1935 1215 1996 iudicia
1226 1937 1367 2015 benigni-

260 2036 355 2097 tatem
368 2035 545 2083 conaecutue
566 2033 611 2082 eet
626 2023 761 2102 Sergius.
804 2021 855 2082 hic
880 2025 932 2082 ille
956 2033 1002 2082 eat
1025 2020 1114 2081 dolne
1137 2041 1197 2103 qno
1219 2043 1293 2082 uena
1312 2031 1365 2096 eat,

261 2131 322 2192 quc
335 2130 392 2169 noa
406 2113 497 2168 etiam
508 2110 555 2166 uti
569 2111 603 2166 in
617 2109 707 2166 rebus
719 2106 822 2166 ardnia
836 2112 970 2168 maxima
984 2111 1132 2168 convenit.
1155 2127 1243 2186 porro
1255 2106 1365 2180 Pisida,

261 2215 339 2277 qnae
358 2197 398 2255 eit
420 2198 467 2252 via
489 2196 692 2278 paenitentiae
712 2204 743 2252 et
758 2195 968 2274 eleemosynae
988 2191 1192 2254 demonetrare
1207 2195 1364 2271 intelligit3

261 2283 349 2362 qnasi
372 2298 409 2336 ea
428 2281 469 2337 ait
488 2289 568 2336 certa
585 2281 659 2336 ratio
681 2298 743 2337 non
758 2276 849 2337 modo
865 2278 1048 2358 impetrandi
1064 2276 1118 2339 aed
1132 2277 1332 2358 extorquendi
1348 2297 1365 2334 a

261 2365 319 2425 deo
333 2383 411 2446 qnae
424 2365 572 2444 petimus,
601 2380 637 2420 ac
657 2361 731 2422 dena
748 2365 860 2444 ipsein
875 2362 1049 2425 huiuamodi
1063 2383 1225 2422 numerum
1239 2367 1365 2443 gratiam

260 2448 384 2510 iudicet.
410 2450 514 2508 confer
526 2448 677 2509 Hexaiiu.
695 2469 724 2507 v.
743 2451 806 2515 419
820 2461 959 2531 etaeqq„
979 2452 1033 2510 ubi
1047 2450 1151 2511 Pisida
1166 2453 1366 2531 paenitentiae

261 2539 404 2595 viantem
416 2536 556 2594 similiter
570 2545 744 2613 exaggerat.

345 2622 420 2685 888.
461 2617 522 2697 πρὸ
536 2624 589 2699 τῆς
602 2622 700 2699 δίκης,
715 2630 750 2678 ut
762 2638 793 2677 v·
807 2621 869 2683 878
882 2618 1008 2701 Ῑλὲγχων
1019 2617 1143 2700 μηδέπω
1156 2620 1365 2703 παρηγμένων.

345 2708 419 2769 889.
461 2706 557 2764 lulius
571 2706 683 2765 Pollux
698 2709 718 2769 8
734 2706 786 2779 25,
802 2707 856 2786 qni
870 2708 974 2764 omnia
986 2706 1064 2787 quae
1080 2704 1120 2765 ad
1135 2704 1284 2765 iudicium
1296 2728 1368 2788 per-

260 2792 359 2850 tinent
369 2791 524 2870 explanat,
541 2793 584 2849 ita
596 2788 635 2849 ad
646 2808 729 2850 rem:
749 2792 876 2871 Κριτίας
888 2785 1073 2855 ἀποδικάσαι
1085 2791 1146 2871 ἔφη
1159 2786 1217 2872 τήν
1230 2794 1321 2874 δίκην
1333 2786 1366 2857 ed

261 2871 415 2940 doctrinan
429 2872 453 2956 ἢ
467 2878 600 2940 νικῶσαν
614 2870 787 2957 ἀποφῆναι,
809 2873 851 2949 oie
866 2870 905 2938 iv
918 2874 1007 2957 ἡμεῖς
1022 2873 1229 2956 denunciant.

346 2965 421 3027 892.
462 2957 561 3043 πυρός
574 2961 664 3043 ἔργον
675 2962 863 3033 incendium,
884 2972 918 3021 ut
939 2962 976 3021 de
998 2962 1101 3041 exped.
1116 2961 1243 3021 Herod.
1262 2968 1284 3029 2
1304 2961 1367 3028 246

262 3046 350 3130 ἔργον
360 3052 424 3110 τοῖν
437 3040 576 3130 ὀργάνων
590 3065 645 3126 pro
660 3048 794 3127 arganza.
1108 3100 1112 3110 .

346 3134 420 3196 896.
462 3131 570 3215 πέραν.
595 3133 732 3210 intellige
747 3132 898 3191 Orientale
916 3132 1002 3191 littus
1016 3152 1110 3213 prope
1125 3129 1366 3193 chalcedonem:

261 3217 306 3276 ibi
319 3221 402 3276 euim
413 3218 559 3278 sarbarus
576 3236 647 3277 cnm
667 3220 731 3277 auia
749 3218 850 3277 Peraia
869 3216 1050 3279 adoriendaa
1071 3218 1154 3277 urbia
1175 3228 1297 3297 tempue
1311 3238 1367 3277 ex-

262 3303 426 3383 spectabat.
453 3306 530 3362 Pera
542 3304 624 3362 enim
635 3302 791 3383 qnondam
803 3306 978 3381 Byzantinis
991 3324 1052 3363 uon
1064 3302 1156 3362 modo
1170 3322 1205 3362 ea
1221 3322 1291 3383 para
1306 3312 1368 3363 erat

262 3390 448 3532 888ῗῖ8
459 3386 745 3533 8888ἒὲ8ῗὲ
760 3391 1132 3533 titilulzttttlffl
1143 3388 1368 3535 iiiiii}

1005 3496 1019 3533 r
1113 3494 1121 3509 .

262 3557 328 3615 loca
340 3558 380 3616 ad
393 3577 472 3639 quaa
485 3562 608 3618 nonnisi
620 3494 899 3619 navibneptraiicere
912 3562 982 3641 qnia
994 3518 1122 3639 poterat:
1132 3492 1277 3642 maumonii
1293 3558 1367 3641 μέρη

262 3644 455 3703 vocabantur.

347 3732 420 3793 899.
465 3727 539 3808 ἔρως
562 3730 730 3801 connotatio,
762 3740 902 3809 pactum.
947 3726 1118 3789 chronicon
1137 3726 1285 3787 Paaohale
1304 3746 1368 3787 rena

261 3823 363 3871 narrat
402 3856 411 3873 .
493 3854 501 3871 .

346 3818 579 3962 &nudiores
593 3910 625 3958 et
636 3903 744 3960 Persae
757 3902 854 3959 multa
873 3908 1045 3959 cannarum
1059 3899 1173 3979 templa
1188 3895 1368 3969 incendisse,

265 4002 335 4043 cnm
354 4003 387 4043 re
403 3984 559 4064 desperata
575 3986 614 4043 ab
628 3987 702 4045 urbe
717 3985 856 4045 recedere
870 3987 966 4045 coacti
981 3995 1066 4059 aunt,
1097 3986 1187 4044 refert
1199 3982 1368 4043 Claronioon

262 4066 371 4128 Paaoh.
381 4092 419 4149 p.
437 4071 512 4134 725.
554 4081 587 4131 at
603 4074 740 4131 narrau'o
753 4070 834 4131 edita
851 4092 868 4131 a
883 4071 1062 4130 Combefiaio
1080 4078 1262 4129 cmnnoano
1280 4074 1368 4147 pnite

261 4172 382 4235 temper
393 4156 582 4215 oonaeutiena
596 4158 663 4235 ipro
676 4158 751 4215 belli
764 4160 862 4231 initio,
877 4176 938 4216 non
953 4159 985 4214 iu
997 4156 1057 4214 fine
1071 4154 1105 4215 id
1117 4156 1253 4215 evenisse
1265 4152 1368 4213 tradit.

260 4239 364 4321 itaque
377 4240 579 4319 inculpabiles
591 4240 795 4320 lapidescunt
811 4244 925 4323 templa
940 4244 1011 4321 igne
1027 4252 1153 4301 vastata.

346 4324 421 4393 402.
457 4328 536 4387 Boni
549 4330 668 4407 patricii
678 4328 805 4388 cornilio
815 4330 930 4389 factum
943 4338 990 4387 eat
1003 4338 1039 4387 nt
1048 4328 1149 4387 Pereia
1159 4324 1278 4387 Sclavie
1286 4322 1368 4383 Aba·
