3000 4850
231 332 314 382 xrrr
338 352 341 360 ,
677 308 876 394 omnen

234 484 269 547 in
284 500 346 564 quo
358 477 481 543 Pisidae
497 479 641 560 degestio
656 480 871 559 imperatorum
888 471 1118 557 cpommmm
1128 475 1257 538 historia
1269 498 1347 539 con·-

236 586 360 645 tinetur.
402 582 553 645 Iohannes
574 593 676 641 autem
697 585 845 663 Georgius
866 585 1040 642 iierwcrtns
1063 578 1103 639 ad
1125 582 1347 663 Huitmbergin

237 691 300 749 suis
320 688 358 747 de
377 708 410 746 rs
432 685 645 765 chronologico
667 687 832 767 capitibus,
853 686 993 745 Usserius
1014 685 1128 765 aliique
1144 704 1208 747 non
1224 684 1347 745 dubita-

236 802 307 851 runt
334 791 464 869 Georgio
493 796 596 847 nostro
624 788 786 847 attribuere
811 787 1040 848 celeberrimum
1069 784 1148 845 iilud
1172 784 1345 864 chronicon,

238 890 322 975 quod
340 894 474 972 primum
497 890 658 949 Fastorum
677 890 849 949 Siculomm
868 908 904 947 ac
923 886 1034 947 deinde
1053 886 1195 949 chronici
1206 891 1346 949 Alexan-

239 992 320 1055 drini
342 1002 372 1053 et
393 990 547 1053 Paschalis
568 992 712 1051 lemmate
730 994 889 1072 vulgatum
910 1001 966 1051 est.
1008 990 1065 1050 sed
1084 990 1167 1073 quod
1181 990 1346 1051 adbiblio·

237 1094 359 1159 thecam
371 1095 602 1157 Vallicessanam
616 1104 747 1175 spectat,
773 1114 865 1177 quam
878 1104 1000 1174 patrum
1015 1096 1142 1154 oratorii
1156 1090 1346 1153 humanitate

238 1220 329 1280 saepe
345 1197 427 1259 adire
443 1209 579 1257 ettotam
593 1198 775 1277 perlustrare
786 1196 864 1257 mihi
875 1198 970 1271 licuit,
989 1197 1080 1276 plane
1092 1200 1240 1257 assentior
1249 1198 1345 1257 Leoni

239 1304 367 1379 Allatio,
391 1304 444 1384 qui
456 1302 614 1364 Posserini
629 1304 837 1360 auctoritatem
849 1304 890 1359 ita
905 1299 1058 1358 convellit.
1096 1292 1190 1359 “licet
1200 1302 1291 1359 anxie
1302 1300 1345 1359 li-

239 1407 328 1465 brum
353 1404 572 1487 quaesiverim,
605 1422 756 1484 saepeque
778 1400 912 1461 indicem
934 1410 965 1462 et
984 1405 1176 1482 potissimum
1199 1402 1345 1460 librorum

238 1518 356 1589 partam
369 1508 584 1587 persolverim,
607 1504 647 1565 ad
658 1503 740 1563 hunc
753 1515 856 1564 tamen
870 1504 952 1564 diem
962 1524 1116 1586 nusquam
1127 1506 1189 1563 tale
1201 1524 1277 1584 opus
1291 1524 1345 1563 oo-

240 1613 341 1670 currit.
387 1612 552 1685 outinam,
575 1606 658 1691 quod
670 1626 732 1667 non
747 1606 854 1683 credo,
876 1619 966 1667 esset.
1010 1628 1141 1668 errorem
1154 1606 1346 1668 indonatum

240 1714 401 1773 existimo:
422 1730 494 1771 nam
514 1714 567 1794 qui
584 1712 730 1773 librorum
752 1712 936 1771 Graecorum
955 1708 1089 1769 indicem
1108 1712 1253 1787 confecit,
1274 1730 1346 1770 oum

239 1818 272 1875 in
282 1814 351 1875 cod.
364 1818 400 1878 B.
418 1818 495 1892 112,
518 1816 641 1897 antiquo
655 1816 727 1873 satis
741 1823 772 1871 et
782 1814 920 1893 optimae
931 1824 1040 1892 notae,
1065 1813 1121 1874 sed
1132 1834 1244 1895 parrae
1254 1814 1347 1873 molis

240 1918 333 1995 libro,
355 1916 514 1979 historiam
536 1916 574 1977 de
595 1916 826 1997 imperatoribus
850 1918 1017 1996 cpolitanis
1036 1919 1069 1975 in
1089 1920 1237 1999 principio
1254 1937 1347 1997 repe-

240 2024 344 2099 risset,
368 2042 435 2082 eam
451 2031 553 2081 tamen
574 2014 729 2098 ‹iniquior›
747 2021 949 2099 plurimanon
969 2023 1149 2100 paginarum
1171 2024 1346 2097 ernestone,

241 2142 335 2207 quarn
353 2136 460 2205 postea
477 2144 553 2204 opus
577 2124 610 2182 in
639 2124 852 2181 Hexaimeron
876 2124 999 2203 Georgii
1018 2122 1140 2183 Pisidae
1164 2125 1347 2204 excipiebat,

239 2246 313 2303 nec,
336 2239 370 2287 ut
389 2246 445 2308 par
465 2238 544 2302 erat,
566 2222 828 2285 anursdverttsset
840 2222 999 2285 historiam
1012 2229 1144 2306 primam
1161 2226 1200 2286 de
1212 2230 1349 2307 impera·

239 2330 355 2390 toribus
374 2332 563 2389 Constantini
582 2330 738 2387 Manassae
757 2328 921 2409 synopsim
932 2352 1014 2408 esse,
1036 2351 1104 2390 eam
1118 2332 1248 2410 Georgio
1264 2332 1348 2390 Pisi·

242 2431 315 2510 dae,
338 2433 491 2516 sequentis
513 2434 612 2511 operis
635 2433 766 2507 auctori,
788 2431 844 2492 sed
863 2437 1025 2494 oscitanter
1041 2438 1150 2512 nimis,
1172 2433 1296 2495 donarit
1315 2443 1348 2494 et

241 2533 351 2595 harum
373 2555 475 2596 rerum
497 2536 597 2592 anxiis
618 2535 723 2592 fucum
748 2529 855 2593 fecit.”
896 2537 979 2617 quod
995 2549 1097 2597 autem
1112 2541 1287 2598 Herwartus
1303 2557 1346 2596 ex

240 2635 336 2696 Suida
357 2639 484 2719 probare
509 2635 679 2713 contendit,
716 2635 849 2696 chronici
872 2639 1029 2700 Paschalis
1052 2645 1229 2722 scriptorem
1250 2643 1346 2703 fuisse

238 2737 392 2816 Pisidam,
414 2741 484 2821 qui,
505 2751 540 2800 ut
552 2743 617 2821 ipse
633 2743 691 2816 ait,
713 2759 788 2799 aero
800 2743 939 2821 Heraclii
947 2743 1073 2802 florebat
1085 2746 1210 2828 eiusque
1225 2767 1274 2806 res
1288 2765 1347 2826 ge-
1461 2748 1468 2758 '

239 2850 318 2918 atas,
340 2853 371 2901 et
389 2845 510 2902 Persica
532 2844 612 2904 beila
631 2846 766 2904 oratione
782 2844 878 2903 libera
896 2849 1080 2927 composuit,
1105 2867 1197 2930 quam
1212 2852 1252 2908 ait
1267 2849 1345 2908 ridi-

87 2955 115 3009 p·
131 2935 224 2998 xxm
241 2945 360 3022 offlam,
382 2957 507 3026 apparet
527 2967 568 3006 ex
592 2949 629 3007 iis
649 2967 726 3029 quae
742 2946 781 3007 de
793 2952 966 3010 testimonio
982 2948 1095 3010 Suidae
1114 2955 1251 3032 superius
1265 2950 1346 3012 dicta

238 3057 319 3112 sont.
346 3067 420 3108 nam
437 3053 610 3110 Herwartus
626 3071 661 3110 ea
678 3054 743 3131 ipsa
759 3051 871 3112 Suidse
885 3053 993 3128 rerba,
1012 3049 1198 3138 Ἕξαήμερον
1215 3049 1259 3120 ds'
1270 3052 1347 3137 ἰάμ-

162 3223 166 3236 ,
239 3152 306 3233 βων
329 3150 374 3226 εἰς
395 3151 454 3242 ἔπῃ
473 3154 634 3236 τρισχίλια·
665 3155 708 3229 εἰς
725 3152 902 3238 Ἡράκλειον
920 3151 977 3219 eds
996 3155 1133 3238 βασιλέα,
1155 3157 1209 3220 sai
1230 3159 1274 3233 εἰς
1290 3155 1346 3223 eta

238 3249 316 3316 sarci
334 3254 464 3337 Περσᾶν
476 3251 626 3336 πόλεμον,
648 3255 686 3315 ad
700 3255 761 3317 hoc
775 3257 940 3319 chronicon
951 3258 1184 3340 significandum
1195 3263 1280 3320 inani
1292 3281 1345 3322 oo·

239 3369 313 3416 natu
332 3355 508 3440 detorquet,
532 3361 619 3439 qnasi
640 3359 743 3419 Pisida
764 3381 825 3420 nno
846 3372 967 3422 tantum
983 3383 1074 3444 opere
1089 3375 1211 3443 coeptos
1222 3366 1259 3424 ab
1272 3367 1345 3424 orbs

241 3457 473 3542 condito'usque
486 3459 526 3520 ad
537 3463 712 3522 Heraclium
725 3474 755 3523 ct
767 3466 923 3524 Persicum
940 3465 1055 3526 bellum
1068 3469 1201 3530 Heraclii
1211 3471 1344 3528 Annues

238 3572 414 3642 prosecutus
437 3567 487 3624 sit.
529 3565 572 3624 ita
592 3568 675 3624 enim
691 3563 726 3630 ro*
746 3567 790 3642 εἰς
806 3571 1034 3649 interpretatur,
1055 3581 1090 3629 ut
1110 3571 1211 3628 valeat
1228 3590 1291 3628 non
1308 3570 1345 3628 ds

237 3667 385 3725 Heraclio
396 3665 451 3726 sed
462 3687 558 3750 usque
570 3669 616 3728 ad
624 3671 821 3745 Heracliam,
833 3674 1072 3754 interpunctione
1085 3683 1155 3731 ante
1167 3673 1212 3747 elo
1222 3675 1345 3734 omniuo

131 3781 137 3795 ¹
239 3769 368 3830 sublata.
410 3767 470 3830 boc
493 3783 595 3831 autem
615 3791 729 3851 vanum
749 3795 816 3835 esse
837 3778 987 3836 Herwarti
1001 3787 1207 3836 commentum
1217 3775 1346 3835 demon-

238 3875 344 3932 strarit
365 3871 536 3934 Matthaeus
555 3873 691 3936 Raderus
715 3879 749 3935 in
775 3879 883 3959 Penes.
913 3877 1030 3939 adhoc
1050 3881 1152 3960 ipsum
1173 3877 1345 3953 chronicon,

238 3973 322 4056 quod
341 3975 585 4037 Alexandriam
604 3982 758 4060 inscripsit
779 3990 871 4062 atque
887 3981 1003 4059 edidit,
1025 4003 1067 4041 ex
1079 3985 1147 4062 ipso
1162 3980 1258 4041 Suida
1273 3981 1345 4039 satis

237 4087 341 4158 aperte
361 4083 502 4139 evincens
523 4083 735 4142 Hexaitneron
756 4082 878 4144 Pisidae
900 4105 966 4144 esse
986 4105 1063 4165 opus
1079 4105 1098 4143 a
1114 4087 1220 4143 ceteris
1236 4081 1346 4142 distin-

237 4191 331 4241 ctum.
375 4181 430 4243 sed
447 4193 478 4242 et
493 4183 629 4244 Raderus
641 4187 708 4264 ipse
725 4183 763 4244 de
774 4185 895 4246 Pisidae
907 4189 1026 4267 scriptis
1038 4189 1166 4270 loquens
1179 4187 1346 4245 alucimtus

235 4292 297 4341 est:
318 4303 392 4344 nam
405 4289 539 4366 primurn
552 4307 593 4346 ex
605 4307 652 4348 ms
666 4287 733 4348 cod.
746 4293 786 4349 A.
797 4288 999 4350 bibliothecae
1010 4293 1216 4370 Augustanus,
1237 4291 1270 4348 in
1285 4305 1346 4369 quo
