3000 4850
230 330 268 380 rs
699 301 873 376 mlvii

234 525 393 589 convertit.
433 523 490 586 sed
509 521 562 584 bic
581 531 734 607 postremo
756 529 905 604 qnantum
922 519 1089 604 sapientise
1108 527 1180 580 tuae
1202 537 1273 581 oum
1291 539 1344 580 se-

236 647 309 726 gina
328 654 426 703 matre
446 643 591 704 tribueret
611 641 759 719 ostendit,
788 659 858 702 oum
885 638 975 700 ambo
994 648 1027 699 te
1047 638 1164 700 ultimis
1187 659 1205 698 e
1226 639 1344 698 Galliae

236 763 346 823 tinibus
376 761 569 838 exciverunt,
598 779 692 844 quem
717 758 923 822 formidolosis
949 759 1137 840 temporibus
1157 757 1192 817 in
1212 755 1343 840 quadam

237 884 323 945 reiut
343 881 465 963 imperii
484 879 609 961 specula
628 881 827 958 collocarent,
854 875 1008 962 siqnidem
1035 887 1142 959 pacato
1162 876 1241 938 mari
1260 885 1344 936 tran·

237 1003 393 1085 quilloque
414 1000 498 1061 caelo
518 998 609 1060 facile
630 1001 726 1060 cuivis
753 998 946 1080 gubernatori
968 995 1118 1075 ereditur,
1149 995 1202 1059 rel
1225 991 1346 1055 medio-

129 1133 134 1143 ‘
239 1121 331 1180 ariter
356 1121 472 1200 perito,
498 1119 532 1178 in
556 1117 691 1198 periculo
720 1135 811 1178 nemo
838 1117 964 1199 estqui
989 1135 1052 1178 non
1075 1134 1163 1192 eum,
1188 1116 1217 1176 si
1234 1123 1343 1197 potest,

239 1237 402 1317 adsciscat,
424 1258 517 1322 quem
536 1237 771 1298 scientissimum
790 1233 1118 1318 prudentissimumque
1139 1235 1286 1316 cognorit.

325 1361 362 1418 In
393 1376 454 1441 quo
479 1375 577 1418 unum
603 1365 649 1416 est
675 1355 803 1414 minime
824 1352 1094 1435 praetereundum,
1122 1351 1207 1437 qnod
1228 1347 1347 1413 adhoc

240 1477 398 1557 negotium
418 1475 550 1536 multum
568 1475 715 1536 interesse
735 1474 846 1538 sentio.
886 1491 960 1536 nam
978 1474 1116 1555 plerique
1134 1473 1189 1556 qni
1203 1470 1348 1554 prodesse

241 1597 391 1675 sapientia
411 1615 466 1656 sua
487 1594 608 1676 publice
629 1593 767 1671 student,
790 1612 948 1675 operosam
967 1594 1056 1656 illam
1073 1591 1223 1654 duntaxat
1242 1612 1277 1653 ao
1297 1613 1352 1652 re-

240 1714 299 1774 bus
322 1711 462 1793 gerendis
484 1716 679 1775 exercitatam
702 1710 864 1790 adhibent,
896 1730 965 1772 eam
993 1731 1067 1774 sero
1098 1732 1177 1794 quae
1203 1713 1237 1771 in
1263 1713 1352 1772 libris

243 1831 448 1916 doctrinisque
470 1835 618 1912 cernitur,
638 1843 785 1914 tanquam
808 1830 978 1892 civitatibus
998 1832 1138 1893 inutilem
1156 1831 1272 1892 feriatis
1291 1828 1352 1891 bo-

242 1953 380 2012 minibus
401 1953 588 2035 relinquunt.
628 1962 664 2012 tu
684 1969 757 2012 reso
777 1951 821 2010 sic
842 1959 1001 2032 utramque
1028 1948 1246 2012 admirabiliter
1266 1971 1353 2013 oom-

244 2071 356 2149 plexus
383 2091 432 2149 es,
462 2081 497 2131 ut
526 2091 597 2132 enm
622 2088 713 2130 nemo
738 2065 964 2128 tractandarum
987 2088 1089 2130 rernm
1109 2071 1224 2131 maiore
1244 2072 1354 2151 peritia

244 2189 300 2264 sit,
328 2199 396 2248 tssm
421 2210 481 2252 usn
504 2191 662 2252 literarum
686 2207 723 2249 ac
742 2185 955 2269 philosophiae
975 2185 1077 2251 studio
1096 2186 1145 2250 bis
1165 2193 1353 2273 temporibus

245 2309 420 2369 antecellas.

326 2431 418 2487 Hane
438 2429 522 2489 enim
541 2428 659 2510 primus
678 2428 759 2487 inter
781 2426 900 2505 Gallos,
921 2426 1023 2487 utillo
1038 2424 1193 2509 quondam
1207 2430 1241 2490 in
1257 2432 1351 2492 Grae·

247 2548 295 2607 cia
321 2548 475 2625 Socrates,
505 2549 702 2627 languentem
728 2548 763 2605 in
788 2543 901 2607 scholis
922 2546 961 2605 ab
984 2548 1079 2607 otiosa
1100 2551 1352 2631 contemplatione

245 2686 367 2727 morum
388 2666 427 2727 ed
448 2668 609 2727 utilitatem
635 2682 786 2747 suasuque
805 2666 994 2726 uenatulisti.
1037 2674 1104 2726 tum
1125 2688 1161 2727 ea
1181 2670 1353 2729 monimen-

246 2788 287 2847 tis
313 2785 466 2847 mandasti
493 2788 652 2868 plurimis,
687 2784 799 2866 quibus
827 2792 859 2843 et
885 2781 1006 2845 dicerffli
1034 2787 1150 2847 civibus
1170 2788 1232 2847 tuis
1254 2798 1285 2847 et
1304 2788 1353 2849 si-

244 2904 339 2965 rendi
359 2908 417 2966 tibi
437 2906 531 2967 etiam
553 2924 589 2965 ac
608 2904 733 2987 reliquis
754 2903 896 2984 exempla
915 2904 1146 2985 praescriberes.
1187 2905 1299 2988 quibus
1320 2908 1354 2966 in

247 3024 334 3087 libris
354 3028 399 3086 ita
418 3026 539 3088 virtutis
558 3034 631 3086 tuae
650 3023 819 3105 imaginem
840 3022 1034 3104 expressisti,
1061 3033 1096 3085 ut
1117 3044 1169 3086 eos
1189 3044 1252 3086 ona
1269 3026 1355 3088 relat

246 3144 376 3225 pignora
402 3142 585 3230 obsidesque
610 3144 708 3203 Gallis
737 3139 892 3219 traderes3
919 3150 954 3202 ut
980 3162 1059 3225 quae
1081 3153 1133 3205 tua
1153 3144 1256 3205 futura
1276 3155 1356 3206 esset

247 3262 458 3344 reipublicae
479 3262 630 3347 gerendae
650 3262 744 3340 ratio,
775 3271 923 3345 tanquam
949 3280 992 3323 ex
1017 3264 1163 3345 praetoris
1184 3259 1282 3325 edicto
1301 3282 1357 3325 co-

249 3392 446 3462 gnoscerent,
474 3403 575 3468 nequa
601 3402 672 3443 eam
696 3398 834 3465 unquam
860 3380 954 3442 lioere
978 3378 1151 3462 crederem,
1178 3400 1273 3464 quam
1291 3392 1357 3443 tute

247 3502 306 3560 tibi
332 3502 547 3583 imposuisses,
577 3517 740 3585 personam
768 3496 939 3561 detrahere.
988 3498 1072 3585 qnod
1100 3498 1226 3584 quidem
1252 3502 1358 3583 paucis

250 3617 300 3680 his
319 3624 493 3700 mensibus,
515 3641 556 3683 ex
576 3640 637 3706 quo
657 3638 798 3704 praeesse
819 3619 849 3680 ei
868 3620 988 3681 moneri
1009 3620 1151 3702 coepisti,
1173 3622 1294 3703 egregie
1311 3630 1359 3681 est

250 3758 270 3797 a
291 3750 323 3799 ta
343 3742 529 3821 perfectnm3
550 3760 651 3824 neque
671 3740 835 3824 quisquam
856 3736 990 3817 dubitet,
1012 3738 1181 3801 cuiusmodi
1200 3738 1279 3801 baec
1297 3740 1360 3800 ini-

251 3858 295 3918 tia
323 3869 414 3936 sunt,
447 3862 523 3941 quin
550 3859 636 3920 brevi
665 3878 721 3941 per
744 3869 778 3920 te
805 3856 896 3921 buius
916 3858 1037 3941 imperii
1057 3860 1141 3922 selus
1160 3860 1303 3924 constitui
1323 3878 1361 3919 ac

251 3980 357 4059 legum
378 3980 539 4041 auctoritas
560 3978 730 4061 recorporari
748 3979 855 4060 possit.

335 4100 401 4158 Hac
429 4108 464 4159 tu
489 4100 628 4181 graviore
654 4118 726 4161 cura
749 4100 843 4160 simul
863 4118 900 4159 ao
918 4100 1093 4183 perfunctus
1113 4097 1174 4160 eris
1193 4105 1226 4157 et
1245 4094 1362 4157 maiora

249 4216 305 4277 illa
325 4218 413 4299 regui
430 4220 554 4301 negotia
574 4220 727 4302 sapienter
745 4218 927 4302 explicatis,
952 4229 1019 4282 turn
1038 4228 1070 4281 te
1091 4214 1132 4279 ad
1151 4214 1229 4279 baec
1247 4224 1363 4294 nostra,
