3000 4850
400 299 658 382 nnscuitno
682 301 718 369 S.
741 299 931 372 sortirii.
1170 301 1244 376 1⁰9

149 464 185 532 τό
202 465 234 534 di
249 460 472 573 θυσιασηόριον
494 465 527 542 li
540 459 676 549 όργόρον
687 459 915 548 λαμπροτάτου
939 459 1054 549 arrideo
1067 465 1119 532 ταί
1137 468 1244 548 κίονας

150 548 327 658 οόμηίθιις,
359 556 479 637 αρμνρᾶ
498 575 600 616 τιαντα
622 553 804 633 miquo,
830 547 888 616 σόν
900 557 964 626 τοῖς
976 557 1112 617 ιτυίαῖσιν
1129 547 1242 640 αότοῐν.

148 663 241 702 ποντα
261 634 377 722 όρμυρᾶ
394 634 593 720 ηρυσίμβατα.
637 647 753 697 tantam
770 647 872 696 autern
892 639 1010 716 argenti
1031 641 1094 698 rim
1115 641 1242 700 immisit

149 725 182 782 iu
196 736 288 784 totum
306 725 419 799 bema,
449 733 484 782 ut
504 721 545 782 ad
564 722 711 782 librarum
730 720 930 803 qnadraginta
950 723 1036 782 milia
1057 725 1242 804 impendisse

148 807 237 868 mdst
247 811 427 889 Procopius:
447 805 466 874 ό
479 803 539 891 μόρ
551 808 609 871 τοῦ
622 807 709 889 ἱερου
721 804 759 872 τό
772 802 901 890 μάλιστα
913 811 1012 912 ηοῖρος
1026 801 1174 890 α’βίβηίος
1188 811 1241 874 καί

147 889 233 973 μόνος
247 896 363 975 [spedus
374 887 481 974 dmo‘c,
507 887 602 974 όνπερ
612 897 760 958 καλοῦσιν
774 899 1004 976 θνσιαστηριον,
1022 897 1132 978 ίοτραῑν
1146 891 1240 980 α’ρμό,

145 1001 199 1060 pso
209 973 359 1060 μυριόδας
370 976 543 1060 ίαιφίρτται
554 977 702 1060 τέτταρας.

221 1065 272 1129 50.
313 1065 449 1123 Bensstis
463 1082 535 1144 pars
548 1066 709 1144 praecipua
723 1062 782 1122 fnit
797 1059 928 1124 concha:
955 1059 1011 1124 sed
1027 1059 1102 1144 quid
1114 1066 1238 1143 potissi-

142 1166 222 1208 nsnnr
234 1151 325 1208 inerit
340 1147 473 1223 coneha,
494 1151 574 1208 inter
586 1148 718 1208 eruditos
732 1149 856 1208 omnino
869 1169 931 1209 non
948 1160 1073 1208 constat.
1116 1151 1238 1210 Salina-

143 1236 201 1294 sius
214 1231 251 1293 ad
259 1236 397 1293 Plinium
409 1235 523 1294 multus
538 1244 584 1294 est
596 1237 629 1293 in
642 1253 679 1294 es
691 1231 885 1316 disquirenda
896 1254 905 1310 3
928 1237 981 1316 qui
996 1236 1052 1294 etsi
1068 1235 1237 1315 probabilia

143 1315 256 1395 dixerit,
277 1339 344 1378 τοτα
358 1331 460 1380 tamen
476 1339 538 1378 non
555 1317 632 1378 adeo
649 1329 787 1378 accurate
801 1321 948 1399 explicuit
963 1330 997 1378 ut
1013 1321 1170 1400 perspicua
1185 1324 1236 1380 sit.

141 1404 250 1464 Gnarus
262 1407 294 1462 in
306 1403 496 1484 Enchologio
514 1402 661 1464 concham
681 1425 751 1464 curn
767 1404 878 1464 ciborio
896 1424 1054 1484 perperam
1070 1405 1235 1480 contundit,

140 1509 206 1548 cnm
217 1491 362 1548 ciborium
375 1493 409 1548 in
422 1485 536 1549 concha
547 1490 649 1564 fuerit,
670 1510 732 1550 non
744 1493 874 1569 ipsamet
887 1489 1012 1552 concha.
1055 1511 1161 1550 verum
1173 1512 1236 1550 nors

139 1571 298 1634 admodum
317 1574 448 1634 arduam
460 1577 517 1634 erit
529 1573 676 1634 concham
689 1577 818 1654 reperire
835 1577 863 1634 ei
876 1579 929 1655 qui
942 1577 1124 1658 templorum
1137 1577 1234 1636 Grae-

138 1663 302 1720 canicornm
316 1660 445 1739 figuram
457 1663 623 1740 inspexerit
635 1661 842 1720 attentioribus
858 1663 963 1735 oculis,
984 1681 1111 1744 quorum
1122 1660 1231 1722 ichno-

136 1743 272 1825 graphias
285 1748 401 1827 aliquot
411 1746 499 1806 nobis
513 1744 653 1804 exhibuit
665 1743 748 1804 idern
766 1746 881 1805 Gnarus
895 1765 926 1825 p.
940 1748 990 1821 13,
1012 1749 1064 1822 26,
1085 1749 1138 1812 27.
1182 1750 1230 1806 ri-

136 1827 205 1888 dere
216 1842 262 1890 est
280 1834 364 1890 enim
375 1833 410 1889 in
421 1851 457 1890 ea
469 1842 573 1911 parte,
594 1833 627 1890 in
641 1851 702 1911 qua
715 1841 774 1890 stat
786 1831 836 1890 vel
849 1832 989 1890 statuitur
1000 1833 1108 1906 altare,
1130 1853 1231 1892 reces-

135 1933 186 1974 sus
196 1918 310 1997 aliquot
323 1919 355 1975 in
370 1915 495 1976 rnodum
506 1913 735 1998 hernicylindri‚
758 1936 904 1996 superne,
927 1927 959 1974 nt
971 1928 1085 1996 parent
1099 1917 1231 1990 credere,

133 2003 166 2058 in
183 2001 310 2060 conchae
334 2004 466 2081 speciem
489 2003 593 2062 clausi.
636 1999 703 2060 dixi
723 2000 839 2082 aliquot
862 2020 1015 2060 recessus:
1049 2001 1231 2084 quandoque

133 2088 211 2144 eninr
227 2090 334 2146 unicus
347 2089 545 2167 conspicitur,
572 2085 725 2147 interdurn
741 2090 854 2161 trinus,
884 2097 918 2146 ut
931 2105 1006 2145 mcx
1018 2087 1230 2148 indicabimus.

132 2181 177 2229 est
187 2175 280 2250 igitur
294 2170 408 2248 concha
421 2177 477 2238 τοῦ
487 2173 707 2255 θυσιαστηρίου
719 2190 807 2251 pars3
823 2169 902 2230 unde
917 2172 1065 2232 Germano
1080 2183 1156 2252 patr.
1169 2175 1229 2234 ΟΡ.

130 2257 333 2317 ὶιιΗίοι.ΕοοΙ.
351 2255 459 2318 dicitur
472 2254 565 2340 κόγχη
576 2262 632 2321 τοῦ
643 2259 873 2338 θυσιαστηρίου,
888 2255 979 2316 idest
995 2255 1109 2317 concha
1123 2258 1231 2318 berna-

129 2343 184 2416 tis,
214 2363 270 2402 sen
289 2345 383 2425 partis
402 2344 485 2405 illius
506 2345 613 2424 templi
627 2345 660 2402 in
673 2362 733 2425 qua
746 2362 831 2404 sacra
845 2354 1038 2422 peraguntur.
1082 2342 1229 2404 concham

128 2425 299 2508 Sophiause
317 2429 402 2489 aedis
422 2431 576 2510 eleganter
593 2449 627 2488 ac
645 2427 788 2510 graphice
802 2427 959 2509 descripsit
972 2433 1146 2511 Procopius.
1189 2432 1227 2490 ab

127 2510 230 2588 ίιαιιιο,
251 2516 362 2595 inquit,
383 2526 482 2575 exstat
496 2514 675 2592 aedificium,
695 2534 758 2575 non
774 2526 854 2575 recta
867 2514 1047 2594 productum
1061 2518 1150 2591 linea,
1172 2514 1230 2577 sed

127 2598 196 2658 lexa
214 2602 329 2659 semim
341 2600 518 2681 obliquitate
531 2602 665 2677 flexum,
694 2598 868 2683 receditque
881 2604 914 2659 in
927 2600 1047 2677 medic,
1080 2621 1115 2661 ac
1130 2602 1226 2681 figura

125 2687 305 2759 semitereti,
332 2704 424 2766 quarn
437 2689 508 2745 artis
523 2689 613 2766 periti
623 2684 872 2766 sesnicylindrurn
886 2696 1009 2760 vocant,
1039 2684 1080 2745 ad
1094 2707 1226 2767 perpen-

125 2768 262 2829 diculum
272 2774 385 2849 surgit3
412 2774 445 2829 in
467 2784 605 2853 quartam
620 2792 691 2832 vero
709 2769 855 2852 sphaerae
869 2782 987 2851 partem
1002 2769 1112 2832 desinit
1127 2776 1226 2853 operis

123 2852 251 2915 huiusce
266 2857 397 2916 culmen.
434 2857 490 2917 sed
503 2868 635 2937 praestat
649 2860 762 2917 Graece
775 2858 952 2939 loquentem
964 2854 1085 2917 audire:
1109 2857 1226 2923 cleodo-

123 2942 179 3021 μία
193 2964 240 3015 τις
251 2940 285 3005 ht
297 2946 356 3023 γῆς
368 2936 484 3022 dvi-ges,
515 2936 575 3007 αυίι
589 2936 641 3007 lrs'
657 2938 781 3016 εόθιίας
796 2940 1003 3023 πεποιημένη,
1033 2935 1101 3004 dll'
1115 2942 1148 3007 ίιι
1162 2948 1225 3007 τῶν

122 3028 259 3109 πλαγίαν
279 3024 486 3107 υἰτισταίμίνη
505 3024 582 3092 sord
599 3022 714 3134 ρραηό,
741 3027 794 3091 sui
813 3024 890 3091 ιοαιό
913 3026 990 3107 μέσα
1010 3024 1223 3108 ότιοχωροιῖσα,

122 3109 173 3175 tet
190 3106 292 3191 σχῆμά
311 3135 343 3176 τι
361 3106 439 3177 sord
462 3108 557 3193 ἥμισυ
576 3137 610 3177 το
633 3108 817 3195 στρογγύλον
834 3113 942 3187 ίοιῖσα,
969 3106 1042 3193 ’όιιιρ
1057 3112 1089 3175 ci
1101 3111 1170 3193 περί
1184 3110 1222 3177 τό

121 3200 248 3261 τοιαῦτα
271 3197 366 3276 σοφοί
391 3194 610 3280 η’μικόίινόρον
638 3189 855 3279 όνομόζονσιν,
893 3196 925 3271 te
954 3192 1038 3277 ὕψος
1066 3192 1223 3279 αόιότομον

119 3280 329 3362 ίιανίστηιιεν.
370 3281 394 3364 η’
408 3280 442 3347 di
454 3288 510 3348 τοῦ
525 3284 614 3365 ἔργον
627 3278 737 3349 τούτου
750 3277 908 3364 ότιιρβοίή
923 3280 955 3357 ίς
975 3283 1106 3364 σφαίρας
1119 3306 1223 3367 τεταρ-

119 3360 268 3449 τημόριον
284 3362 487 3450 α’τοοιιόαριται.
530 3368 640 3429 deinde
660 3368 743 3429 addit
764 3379 798 3427 ut
820 3372 899 3427 intra
919 3365 1050 3427 conchae
1071 3389 1224 3429 recessum

118 3457 328 3534 pavimentum
348 3456 496 3514 columnis
519 3466 673 3534 prematur
697 3454 913 3515 semicirculari
936 3454 1033 3513 forma
1058 3450 1222 3535 dispositis,

118 3541 162 3599 its
172 3548 207 3598 nt
215 3540 276 3597 sibi
290 3541 421 3599 invicem
430 3551 576 3621 tanquam
586 3544 619 3600 in
631 3537 723 3601 choro
734 3535 957 3622 quodammodo
969 3537 1142 3619 adsurgunt.
1164 3560 1222 3601 ne-

118 3642 180 3705 que
200 3627 313 3683 minori
327 3626 477 3705 elegantia
495 3645 531 3686 ac
544 3628 743 3686 concinnitate
758 3622 890 3685 conchae
905 3622 1077 3705 Sophianae
1092 3636 1123 3685 et
1140 3636 1223 3689 stru·

119 3720 235 3771 duram
247 3720 278 3769 et
287 3709 417 3770 formam
430 3714 577 3791 expressit
586 3712 700 3771 Paulus
712 3711 902 3772 silentiarius
915 3720 992 3789 part.
1006 3714 1022 3775 1
1035 3731 1066 3771 τ.
1077 3714 1157 3777 221:

245 3789 351 3875 τρισσό
366 3794 423 3876 μὲν
433 3791 598 3860 &notem
611 3791 818 3860 οἶναιιέαταται
832 3796 916 3859 ἒνόια
931 3790 1052 3861 sinos

244 3876 414 3961 τίμιαόμιον,
434 3879 525 3961 νὐοῠ
536 3881 570 3947 di
580 3878 640 3963 μετ’
656 3878 767 3965 όρθιον
779 3876 891 3963 αόχόνα
904 3883 1014 3961 τοίχων

245 3968 377 4047 σφαίρης
389 3964 582 4049 τιτρατόμοιο
593 3962 684 4047 λόχος
700 3964 734 4031 τό
747 3965 888 4046 τέταρτον
903 3960 1036 4045 α’νόριτιι.
1236 3980 1259 4034 l'
1277 3982 1329 4037 cat

117 4045 549 4134 conchsigitnrsemicylindri
558 4046 733 4117 ιτιιαόκίου
742 4047 906 4133 ἡμιτόμου,
922 4050 961 4111 ad
970 4046 1219 4131 perpendiculum

116 4134 217 4209 efficti,
238 4136 368 4196 formam
383 4139 540 4215 referebat,
561 4157 719 4221 quousque
731 4158 861 4219 superne
880 4136 1067 4197 clauderetur
1079 4139 1111 4195 in
1126 4154 1218 4217 quar·

114 4217 334 4301 tsnssphaeree
346 4234 474 4304 partem,
488 4223 519 4301 ίς
532 4228 665 4307 σφαίρας
678 4218 916 4307 τεταρτημόριον,
929 4224 1028 4303 inquit
1042 4220 1217 4299 Procopius.

115 4323 194 4387 quae
207 4306 332 4388 quidam
344 4306 491 4391 sphaerae
506 4312 577 4392 pars
592 4320 716 4393 quarta,
742 4310 870 4371 interius
886 4306 1021 4391 undique
1036 4308 1173 4381 sinuata¹
1197 4324 1216 4365 a
