3000 4850
541 261 557 294 k

262 313 333 385 112
726 310 900 383 petivit
944 327 950 333 '

162 475 176 504 ’“
257 467 409 561 proiectus
424 488 469 537 est
478 475 650 553 Homolion,
671 477 793 557 imperii
803 476 947 539 videlieet
961 484 1014 556 13,
1036 478 1091 539 sed
1107 485 1148 546 16
1162 482 1365 560 eontigemnt,

258 578 293 625 nt
314 576 358 625 est
379 564 460 644 apud
480 561 650 623 cedrenum
663 582 698 621 ao
706 561 946 643 theophanem,
969 585 1039 624 oum
1057 564 1204 626 Chosroes
1219 587 1309 647 saepe
1323 570 1364 626 nb

260 652 400 711 Heraclio
418 654 532 723 vietus,
555 650 727 727 ingentibus
741 648 876 730 undique
890 652 1025 710 oonflotis
1041 656 1151 732 copiis,
1173 671 1277 711 earum
1289 672 1365 732 pan-

260 750 324 797 tem
344 738 435 797 Saino
456 735 606 814 praefecto
626 732 750 793 tradidit
770 746 800 793 et
818 734 961 795 adversus
980 740 1193 817 imperatorem
1211 743 1364 818 opposuit,

262 824 388 882 alteram
409 841 477 879 oum
498 820 625 879 Sarbero
640 821 759 899 cpolim
773 823 874 893 misit,
896 834 929 879 nt
944 842 1014 881 oum
1028 825 1146 883 Hunnis
1166 823 1365 883 occidentali-

262 910 333 983 bus,
353 926 429 989 quos
449 909 562 965 Aretes
584 917 708 980 vocant,
728 925 764 965 ao
784 907 933 967 sclavinis
952 919 983 966 et
1002 907 1126 991 Gepidis
1144 910 1248 968 urbem
1264 928 1366 990 oppu-

260 1005 384 1075 gnaret:
415 993 571 1050 Heraclius
603 1002 704 1050 contra
729 992 877 1050 trifariam
900 997 1035 1052 exercitu
1059 993 1217 1053 distributo
1246 1007 1366 1074 partem

260 1099 353 1139 unam
372 1076 411 1137 ad
429 1078 511 1136 urbis
526 1075 711 1155 praesidium
724 1078 890 1152 submittit,
912 1078 1076 1138 secundam
1091 1078 1253 1139 Theodoro
1271 1082 1366 1139 fratre

262 1164 338 1224 duee
362 1164 446 1223 Saini
466 1165 559 1241 copiis
580 1162 698 1221 obiecit.
716 1176 723 1200 ·-
748 1165 813 1242 ipse
840 1184 908 1222 eum
931 1168 1019 1223 tertia
1038 1168 1187 1224 Imzorum
1210 1169 1368 1243 regionem

263 1249 338 1309 adiit
345 1252 604 1328 ,⁸¹1uroorumque
624 1250 688 1307 siva
706 1246 875 1307 Chszarnm
888 1253 1003 1309 auxilia
1015 1254 1173 1309 contraxit.
1217 1251 1282 1311 fieri
1294 1255 1368 1332 qui-

228 1348 231 1355 *
264 1335 335 1395 dem
356 1345 454 1414 potest
474 1344 508 1393 ut
532 1344 619 1391 autea
641 1353 660 1391 a
679 1336 789 1393 Turois
807 1336 956 1394 auxilium
969 1338 1126 1415 postulant
1137 1348 1168 1395 et
1182 1334 1222 1395 nd
1233 1357 1284 1396 eos
1298 1341 1368 1417 ipse

263 1424 446 1502 perrexerit,
476 1438 554 1477 anno
579 1416 729 1523 siquidem
754 1418 955 1499 expeditionis
975 1425 1072 1501 primo
1095 1416 1270 1501 ἐστράτευσε
1293 1419 1370 1503 μετὰ

264 1509 380 1571 πλοίων
400 1501 450 1567 did
466 1528 520 1567 ταα
508 1498 690 1579 Εαξείναα
706 1501 847 1581 Πόντον,
870 1507 1098 1583 antecedimus,
1121 1508 1368 1567 aosibianoo-

265 1612 333 1652 rum
359 1593 460 1671 copias
481 1589 630 1649 adiunxit.
673 1588 728 1649 sed
750 1609 927 1670 congressus
945 1594 999 1651 ille
1022 1612 1094 1652 oum
1109 1612 1214 1652 eorum
1229 1596 1368 1673 principe

263 1679 384 1737 nonnisi
401 1697 437 1735 eo
456 1694 516 1757 quo
535 1674 602 1734 dixi
617 1695 696 1734 auno
713 1679 848 1755 contigit.

173 1771 197 1826 P
215 1769 249 1828 68
350 1782 380 1843 Ρ
398 1764 438 1826 17
452 1781 482 1820 v.
497 1764 549 1825 20
591 1762 733 1839 τίκτεται]
759 1764 891 1821 Heraclii
906 1763 1017 1822 liberos
1033 1759 1151 1822 hebes
1141 1782 1174 1820 m
1189 1764 1370 1849 ττααθταμία

263 1850 348 1909 brevi
367 1848 469 1907 tabula
489 1844 662 1926 descriptos.
706 1849 863 1907 Heraclius
878 1867 950 1908 vero
963 1852 1021 1908 iste
1035 1852 1068 1906 in
1080 1850 1230 1907 Lazornm
1243 1853 1369 1927 regione

264 1946 354 1994 natus
374 1935 465 2013 plane
488 1951 505 1991 a
525 1932 718 1992 Constantino
737 1930 966 2013 distinguendus
980 1944 1041 2009 est,
1063 1937 1117 2015 qui
1131 1932 1184 1993 diu
1197 1944 1265 1993 ante
1279 1937 1369 2015 cpoli

265 2038 306 2079 ex
326 2021 455 2077 Martius
475 2030 631 2097 susceptus
646 2028 707 2093 est,
729 2030 764 2077 ut
776 2038 833 2079 suo
846 2021 913 2080 looo
928 1979 1192 2079 demodstrabitnr·
1234 2018 1273 2079 de
1286 2039 1369 2080 anno

263 2104 343 2167 nihil
359 2106 549 2183 exploratum
564 2062 722 2163 habemud.

349 2211 381 2270 Ρ.
398 2191 438 2253 18
450 2208 481 2247 v.
493 2192 525 2253 2.
567 2179 720 2269 saintines]
737 2190 850 2249 zebee}
864 2186 1032 2249 Chazarum
1044 2188 1109 2249 dux
1119 2191 1158 2249 ab
1169 2188 1280 2249 iisdem
1291 2192 1371 2250 sori-

265 2278 402 2356 ptoribus
420 2284 625 2354 nunoupatnr,
648 2276 702 2355 qui
716 2295 771 2356 per
785 2276 909 2354 Caspias
922 2278 1046 2355 portas
1037 2296 1071 2335 ιιι
1082 2273 1260 2335 Persidem
1250 2280 1370 2356 irrupit.
1490 2285 1491 2296 ¹

265 2360 347 2421 unde
368 2358 506 2419 redeunti
526 2379 568 2418 ex
588 2362 697 2419 Lasion
718 2362 876 2422 Heraclius
898 2364 1026 2421 onsurrit
1031 2370 1187 2446 ,tumque
1210 2382 1244 2424 ss
1262 2372 1371 2422 motno

264 2445 688 2552 perhumaniternoeepertmt.

349 2531 392 2591 ib.
409 2551 445 2590 ι.
456 2529 488 2594 4.
529 2532 581 2594 καὶ
595 2525 713 2638 ἆμαβᾶς
726 2553 782 2593 son
769 2530 915 2635 Ἵππον]
936 2528 1190 2614 Theophanesp.
1204 2531 1318 2599 264Δ.

257 2653 260 2660 ’
351 2637 383 2698 Ρ.
375 2619 437 2680 .19
452 2633 482 2674 v·
497 2621 528 2682 2
571 2607 623 2696 ἐφ’
637 2613 702 2690 ἕνας
713 2613 747 2678 di
760 2610 893 2695 votivos]
916 2618 1068 2677 Gesacum
1089 2620 1196 2678 urbem
1216 2617 1372 2679 cedrenus

267 2725 302 2764 ια
319 2699 525 2782 Theophanes
542 2713 670 2777 νοτιτιις
692 2703 744 2760 ubi
762 2712 793 2760 et
810 2703 913 2761 croesi
927 2700 1084 2763 thesamm
1095 2715 1263 2765 asservatos
1276 2705 1372 2763 fnisse
1490 2736 1491 2785 t

266 2788 399 2849 madunt.
420 2786 511 2847 huius
524 2745 682 2848 historiam
695 2786 837 2846 describit
846 2791 974 2847 Ioannes
981 2791 1109 2848 Tzetzes
1116 2789 1196 2850 chit
1201 2795 1222 2854 8
1235 2793 1313 2849 nne
1319 2793 1372 2866 66,

267 2879 364 2958 quiet
378 2895 418 2934 ex
430 2871 550 2932 Pisidae
565 2873 741 2934 Heracliade
757 2869 813 2932 hos
827 2871 945 2933 iambos
959 2873 1097 2977 producit

431 2959 484 3022 sui
497 2983 543 3033 τις
556 2956 633 3040 ττρὸς
644 2953 738 3021 αὐτόν
754 2951 887 3036 ον’ρανδς
900 2981 954 3021 του
943 2952 1112 3066 Χααρόαα

432 3051 661 3150 μηχανατευχτῑςΙ
676 3038 920 3124 Ιξετταμβραῑν
883 3067 938 3117 τας
952 3040 1089 3127 δραααας.

432 3130 521 3214 γέρον
536 3125 707 3236 Σαρακόατι
721 3126 779 3192 mis
791 3127 956 3234 γταμὲτραὶ

433 3213 453 3278 d
464 3219 544 3319 γῆν
537 3210 681 3278 ἀνασπῶν
695 3217 816 3299 μηχανῇ
827 3219 867 3317 τῇ
881 3210 1053 3323 totondere

433 3293 544 3381 βαῶν”
528 3324 587 3381 αττη
603 3297 686 3380 α’βαό,
708 3297 761 3362 καὶ
773 3295 956 3362 suintino
920 3323 979 3380 την
993 3293 1105 3382 χθόνα.

433 3385 470 3449 iti
486 3391 656 3492 τταρασττᾶν
663 3381 736 3460 ταας
751 3379 966 3460 eododem*
948 3408 1041 3494 ooooc

433 3447 516 3552 efnei
528 3495 673 3578 μανατττατ
684 3475 832 3553 μηχαναῖς
844 3465 1038 3554 εὖμηχᾶναις.

268 3556 302 3614 in
318 3554 338 3618 ὗ
354 3573 444 3615 versu
461 3575 536 3616 corr.
552 3579 611 3621 ono
648 3561 682 3619 οἳ.

353 3639 396 3699 ib.
412 3660 443 3701 v·
458 3647 488 3706 7.
533 3645 674 3723 Χοσραης
686 3640 811 3722 τοίνυν]
829 3643 878 3702 bis
893 3660 913 3700 a
926 3637 1060 3701 (thosroe
1073 3639 1220 3699 Barbarus
1236 3639 1287 3698 sel
1299 3636 1376 3696 Sar-

268 3727 421 3786 banosus
412 3747 445 3784 m
459 3725 634 3808 Bithyniam
647 3732 759 3788 missus
772 3748 807 3786 no
820 3738 975 3787 mvooatos
994 3723 1091 3807 (qnod
1104 3734 1173 3782 ante
1186 3743 1206 3782 a
1216 3724 1304 3784 nobis
1317 3723 1376 3782 ob-

269 3821 422 3872 servatum
435 3818 602 3874 necessario
619 3813 677 3874 hoo
691 3817 757 3874 loeo
775 3812 971 3894 repetendum
988 3813 1063 3890 est),
1084 3811 1263 3890 primumn.
1275 3811 1376 3868 Hem·

269 3899 322 3956 olii
339 3901 392 3972 ts,
415 3915 485 3957 oum
499 3903 709 3980 irrumpente·
701 3919 733 3958 m
747 3898 904 3959 Persidem
918 3899 1059 3957 Heraclio
1070 3894 1169 3954 redire
1179 3897 1286 3954 iiiioo
1275 3912 1376 3953 meson

269 3992 332 4056 est,
354 3982 487 4043 secundo
513 4004 541 4043 a.
563 3989 603 4049 16
625 3984 761 4046 eiusdem
785 3986 917 4044 Heraclii
923 3982 1075 4086 ,quando
1100 3992 1130 4041 et
1152 3978 1376 4040 Ghuloedonem

270 4071 472 4172 pppugnavit3
502 4089 559 4129 neo
579 4069 669 4130 inde
678 4071 830 4151 digressus
852 4080 913 4146 est,
933 4071 1055 4129 tametsi
1076 4086 1118 4126 ex
1139 4070 1274 4128 Avarum
1289 4063 1376 4122 olade
1490 4122 1491 4159 ἦ

270 4117 1378 4352 2112ξίἱὶἀῖαωὶῃξαιντιτιῑςωτίἕὲΐὲῖὶςοᾛιᾜῐτηνόἓὴῗὲἔνῖοτξαρῗαζ

270 4344 362 4403 μτνας
383 4320 422 4390 ov'
444 4325 584 4408 μετέστη,
609 4321 678 4392 ‹ttt’
699 4322 794 4392 ααταα
816 4329 968 4409 ἐχείμττττ,
987 4317 1215 4412 motivas
1177 4347 1216 4389 τα
1230 4313 1377 4407 amoeni
