3000 4850
244 292 306 417 xx*
664 398 668 405 .
710 343 888 427 onaacn
950 364 954 369 ·

125 541 154 595 p.
170 522 239 579 xlx
256 519 324 596 μεῖν
336 508 409 588 τούς
424 508 600 595 βαρβάρους
613 508 703 597 calep
721 504 779 573 οὖν
794 504 900 584 αιίτοῖς
910 504 1036 591 η’ρερεῖν
1048 504 1103 582 τοὶς
1116 507 1254 593 αίρίοιις.
1281 508 1360 571 con-⁴

249 626 296 675 tra
318 634 411 696 quem
435 625 536 675 autem
556 624 586 671 et
604 634 664 694 qua
682 624 786 673 mente
803 612 880 672 haec
896 614 1048 692 scripserit
1065 614 1230 691 Georgius,
1251 614 1355 674 multis

251 716 470 797 disputavimus
490 719 522 775 iu
543 716 675 789 lllonito,
701 714 785 797 quod
806 713 868 774 hoc
881 716 984 794 ipsum
1004 719 1177 795 poematica
1189 715 1356 797 praecedit.

250 829 330 879 recte
344 816 469 900 quidem
481 820 514 876 in
531 817 675 877 Severum
688 814 782 877 habet
795 818 934 876 titulrnn:
954 819 1208 899 namquemlibet
1224 838 1289 880 esse
1304 818 1357 878 di-

249 942 299 982 cas
320 940 392 981 eum
410 938 501 1001 quem
524 919 579 977 sub
601 916 659 977 hoe
676 922 801 979 nontine
820 921 955 999 exagitat
974 920 1093 995 Pisida,
1114 919 1357 1002 Menophysismi

250 1045 363 1085 errores
380 1024 471 1103 plane
487 1019 538 1079 laic
554 1021 736 1097 refutantur,
762 1025 847 1081 cuius
869 1020 1031 1083 haereseos
1045 1021 1273 1107 idemflseverns
1287 1046 1357 1084 sna-

249 1131 352 1187 ximue
374 1138 518 1206 patronus
537 1123 606 1182 fut.
650 1121 818 1183 sednostra
831 1122 955 1205 quidem
969 1127 1118 1185 sententia
1134 1137 1195 1204 est,
1218 1129 1275 1187 sub
1296 1148 1357 1188 ne·

248 1234 331 1291 mine
353 1230 459 1289 Severi
481 1228 655 1306 episcopum
677 1228 812 1308 aliquem
835 1226 982 1306 intelligi,
1005 1231 1058 1309 qui
1075 1230 1181 1289 Severi
1198 1232 1306 1310 placita
1326 1242 1358 1291 et

248 1333 416 1393 doctrinam
438 1339 540 1389 contra
564 1326 711 1386 catholica
732 1326 873 1407 dogmata
891 1339 959 1388 tum
977 1334 1121 1415 temporis
1134 1335 1243 1392 acriter
1254 1344 1357 1393 tuere-

248 1446 313 1511 tur,
337 1444 366 1493 et
379 1432 470 1495 huius
485 1441 584 1491 sectae
598 1442 667 1510 post
683 1430 831 1489 Severum
843 1432 978 1513 aliosque
996 1437 1061 1493 eius
1076 1437 1206 1495 asseclas
1222 1447 1310 1516 caput
1326 1446 1356 1495 et

248 1547 335 1618 pater
350 1538 520 1595 exsisteret.
562 1552 636 1591 narn
649 1553 719 1591 euru
733 1553 799 1591 esse
814 1530 984 1595 Iohannem
994 1536 1208 1618 philoponum,
1231 1542 1284 1620 qui
1296 1539 1357 1598 Se-

248 1642 314 1698 veri
335 1651 471 1725 tempore
492 1636 615 1695 florebat
629 1646 688 1695 eta
703 1638 809 1696 Severi
826 1638 960 1718 partibus
975 1642 1109 1718 primum
1119 1644 1220 1716 stetit,
1244 1638 1356 1699 deinde

248 1760 321 1802 vcro
345 1740 382 1797 ab
406 1760 442 1801 eo
466 1737 624 1798 discedens
643 1736 823 1798 Tritheismi
838 1750 952 1801 sectam
966 1745 1137 1818 constiutit,
1157 1755 1191 1802 ut
1202 1746 1235 1801 in
1247 1745 1357 1803 Prole-

249 1845 388 1923 gomenia
402 1841 440 1901 ad
454 1842 665 1901 Hexcinreron
679 1839 865 1901 declaratum
876 1854 935 1919 est,
957 1864 1020 1903 non
1034 1843 1227 1905 concedimus
1242 1846 1357 1905 Allatio

249 1948 395 2027 aliisque,
419 1946 471 2026 qui
490 1948 554 2005 eius
576 1946 784 2005 auctoritatem
805 1929 901 2005 secuti
924 1958 1004 2006 sum.
1050 1958 1080 2007 et
1099 1969 1152 2007 cur
1170 1951 1253 2008 enim
1265 1950 1356 2008 malis

249 2046 472 2129 Philopomnn,
494 2046 532 2109 de
547 2069 606 2130 quo
620 2045 699 2107 nihil
714 2050 746 2106 in
762 2058 824 2107 toto
839 2054 980 2128 poemate
992 2052 1134 2125 occurrit,
1156 2072 1249 2134 quem
1259 2052 1358 2113 Seve-

251 2170 319 2211 rum
340 2154 459 2230 ipsum,
482 2154 535 2232 qui
557 2148 668 2211 diserte
682 2152 869 2227 nominatur,
892 2154 954 2211 suis
967 2148 1051 2211 hisce
1065 2154 1175 2214 iambis
1187 2165 1289 2235 petere
1301 2158 1357 2213 Pi-

251 2249 373 2313 sidami
417 2250 472 2310 sed
494 2254 642 2313 Allatium
663 2254 800 2333 aliosque
818 2255 851 2311 in
869 2276 1001 2339 errorem
1022 2254 1151 2316 adduxit
1168 2256 1357 2338 Nicephorus

251 2356 409 2430 Callistus,
430 2355 510 2413 inter
525 2374 575 2416 eos
593 2356 645 2437 qui
660 2364 761 2413 contra
775 2353 981 2437 Pluloponum
995 2360 1179 2441 scripserunt
1191 2361 1357 2439 Georgium

250 2466 388 2517 nostrum
409 2457 453 2516 sic
472 2456 681 2518 adnumerans.
692 2457 745 2522 lib.
763 2461 804 2525 18
827 2481 853 2518 c.
868 2461 926 2525 48:
948 2461 999 2525 ίιιλ
1013 2459 1047 2525 di
1061 2457 1158 2548 τούτῳ
1181 2462 1223 2544 (i.
1243 2483 1271 2521 e.
1288 2472 1357 2542 post

250 2561 433 2620 Leontinum
451 2557 653 2639 monachum)
675 2557 727 2623 καί
745 2557 762 2625 d
778 2556 951 2643 θαυμάσιος
971 2559 1114 2641 διάκονος
1134 2565 1188 2629 καλ
1210 2567 1359 2647 depectu-

187 2747 189 2752 .
252 2658 358 2752 ὅοίριος
381 2653 531 2743 Γεοίργιος
550 2659 567 2728 d
587 2663 754 2744 Πιοοίᾶης,
783 2659 948 2747 η’λιιιιοίτης
972 2661 1016 2731 oia
1038 2666 1160 2752 ίιιείνῳ,
1190 2669 1220 2732 εί
1241 2667 1293 2744 καλ
1310 2672 1359 2754 τῷ

251 2757 351 2848 χρόνῳ
366 2766 435 2827 λίαν
447 2759 608 2847 νεοίτερος,
630 2766 663 2830 ἐν
683 2763 804 2849 λα’μβαν
820 2767 938 2851 μίτραις
955 2763 1102 2853 α’ρίοτοις,
1124 2766 1224 2854 ὥσπερ
1238 2771 1358 2834 storace

250 2859 397 2949 γράφειν,
418 2862 496 2947 πρὸς
507 2863 564 2949 την
578 2866 740 2951 εἰρημένην
756 2871 874 2952 αἵρεσιν
888 2865 1031 2954 decedis,
1054 2873 1107 2937 καί
1119 2868 1245 2938 παιδιὰν
1258 2891 1358 2936 σιτου-

251 2969 293 3053 dii
307 2961 468 3050 τιεραννιίς,
491 2965 571 3034 οὕτω
586 2996 652 3047 ποις
663 2972 849 3056 διεξέρχεται,
871 2970 994 3058 σφόδρα
1010 2970 1213 3059 destinasti
1229 2972 1357 3040 ἄτοπον.

251 3071 417 3151 ψηφίζεται
431 3075 547 3135 θᾶττον
564 3073 637 3153 μίαν
651 3076 747 3140 τεκαὶ
763 3079 853 3159 μίαν·
876 3075 974 3162 elydp
987 3077 1164 3161 pirenaei
1177 3079 1250 3161 μίαν
1262 3077 1358 3161 λίγεις

252 3174 343 3256 μίαν,
365 3170 458 3259 yid-⁰²3
470 3169 504 3237 ’ίό
516 3171 624 3256 λεχθὲν
636 3177 768 3259 γίγνεται
779 3179 833 3242 καλ
844 3181 986 3276 παιδίοις.
1027 3179 1088 3247 ddi
1099 3201 1192 3264 φησι,
1212 3174 1357 3245 τοιοῦτον

252 3274 341 3338 ἐστιν.
372 3272 556 3358 ὁμολογεῖς,
586 3279 679 3358 φησί,
709 3278 935 3359 metonomiam
956 3282 1011 3347 καλ
1031 3278 1276 3365 φιλοσοφώτατε,
1297 3278 1357 3346 dria

253 3372 362 3458 φύσεις
375 3374 520 3458 desiciet
533 3383 576 3466 epi
589 3375 679 3466 λόγῳ,
702 3385 776 3463 μίαν
786 3388 842 3465 τῆς
852 3376 998 3466 θεότητος
1011 3386 1064 3449 καί
1078 3388 1152 3468 μίαν
1164 3389 1218 3468 τῆς
1231 3380 1357 3468 ἅνθρω-

251 3472 393 3560 ττῦτητας·
417 3481 445 3542 εί
467 3483 572 3544 τοίνυν
596 3477 654 3546 δύο
681 3479 792 3566 φύσεις
806 3486 900 3570 λέγεις
917 3487 1155 3570 συνεληλυθέναι
1170 3483 1268 3573 adrui,
1289 3491 1357 3563 πῶς

252 3581 297 3655 εἰς
320 3583 393 3662 μίαν
414 3574 508 3657 αὖθις
533 3577 586 3656 τας
612 3578 668 3649 δύο
691 3589 871 3669 συστέλλειςς
892 3592 983 3672 φησί·
1004 3592 1060 3672 μία
1073 3586 1132 3675 yde
1149 3589 1202 3654 ναί
1218 3591 1273 3671 μία
1289 3584 1356 3669 δύο,

252 3677 321 3746 ἀλλ’
338 3679 405 3764 ου’χλ
419 3687 480 3766 μία
523 3682 616 3767 γέλως
628 3693 706 3771 γοῦν
720 3691 750 3753 εἴ
759 3715 805 3767 τις
817 3688 894 3755 κατὰ
905 3697 964 3756 τοῦ
975 3688 1073 3757 αὐτοῦ
1082 3691 1285 3774 οἰτοκειμίνου
1297 3685 1357 3756 do‘o

144 3813 172 3868 p.
188 3790 242 3848 XX
258 3789 441 3869 κατηγοροίη
464 3782 547 3862 τινα,
566 3788 619 3852 καλ
638 3783 734 3868 αὖθις
754 3793 787 3858 ἕν
808 3789 901 3858 πόλιν
917 3793 955 3859 τοί
971 3801 1097 3861 τοιαῦτα
1114 3801 1240 3860 ποιοῖτο
1281 3792 1360 3854 haee

253 3899 355 3949 autem
376 3892 479 3950 omnia
500 3900 610 3952 rectae
623 3893 792 3974 Nicephoro
807 3895 847 3956 ad
860 3897 982 3958 Pisidae
995 3901 1088 3960 verba
1102 3894 1295 3979 explananda
1308 3893 1357 3956 di-

251 4003 299 4051 cta
315 4013 381 4052 esse
395 3994 542 4069 letemur,
565 3993 620 4053 sed
633 3998 767 4059 Pisidam
782 4002 885 4080 ipsum
896 3999 948 4061 hic
962 4003 1141 4083 impugnare
1153 3999 1357 4080 Philoponum

250 4111 408 4173 negamus.
453 4116 535 4156 error
551 4099 633 4156 euim
647 4097 809 4182 Philoponi
825 4107 1004 4186 praecipuus
1020 4107 1079 4165 fnit
1096 4115 1131 4164 ut
1142 4102 1322 4185 hypostases
1339 4121 1358 4159 a

254 4198 370 4255 naturis
385 4215 447 4256 non
459 4197 668 4280 distingueret,
692 4223 727 4262 ac
740 4204 869 4284 proinde
882 4218 943 4271 tres
957 4218 1079 4268 naturas
1091 4209 1125 4266 in
1138 4207 1194 4268 SS.
1208 4207 1359 4265 Trinitate

254 4296 442 4376 adfirmaret,
473 4299 555 4362 unde
577 4301 709 4366 tritheita
730 4311 847 4387 passim
867 4307 971 4388 audit,
1004 4308 1046 4370 ad
1066 4328 1159 4391 quam
1178 4310 1359 4368 sententiam
