3000 4850
415 291 672 364 DESCRIPTIO
695 293 730 362 S.
755 293 946 366 sorfflas.
1179 297 1229 372 97

140 482 199 542 aar
210 455 354 535 Macar
365 455 564 542 tudano,
574 453 739 540 sionim
754 457 880 526 &noros
895 459 1033 526 ciriaca
1047 461 1229 547 πεπηγμένφ

139 547 219 627 sulp
243 548 360 629 “coppi
386 555 444 604 etc.
496 543 594 604 forma
619 545 758 604 aularum
786 565 841 606 seu
870 548 1032 624 cellarum,
1062 567 1137 630 quas
1160 547 1228 608 dixi

140 631 247 710 (serbis
267 639 338 690 ntor
355 625 471 710 Gyllii)
493 630 614 708 cingere
630 641 793 712 utrumque
810 632 905 706 latus,
926 633 997 692 talis
1015 643 1070 693 est.
1113 653 1155 692 ex
1171 637 1229 694 tri.-

138 716 191 774 bus
203 715 342 774 lateribus
357 716 446 775 aulae
460 712 625 795 quadratae
637 724 725 790 sunt,
749 736 791 774 ex
804 727 910 799 quarto
925 717 1019 778 latera
1033 715 1116 799 quod
1127 720 1230 780 intue-

138 810 184 860 tur
195 803 362 860 interiorem
378 798 463 862 aedis
479 809 614 879 partenm
635 800 765 880 figuram
777 802 884 882 templi
898 805 1051 883 sequitur,
1074 802 1156 883 quod
1172 805 1231 864 ob-

137 884 284 946 rctundrm
303 885 395 944 efficit
417 885 550 966 pilarum
570 895 601 944 et
621 887 829 952 columnarum
850 886 1017 968 dispositio.
1065 891 1230 950 susdnetur

138 971 253 1029 arcubus
273 982 303 1029 et
326 972 475 1030 columnis
495 973 714 1031 concameratio
734 973 889 1048 aularum,
911 993 1040 1056 quarum
1060 971 1230 1034 describam

137 1053 272 1114 duntaxat
289 1066 367 1133 tres,
388 1057 498 1137 quibus
521 1057 648 1135 cognitis
670 1066 785 1116 ceterae
808 1077 914 1117 omnes
932 1060 1026 1118 simili
1045 1058 1143 1118 icrrua
1162 1077 1228 1118 esse

135 1151 350 1219 cognoscentur.
391 1143 538 1220 incipiam
550 1160 568 1200 a
581 1141 677 1200 tribus
692 1143 897 1221 superioribus
912 1145 977 1204 sitis
990 1145 1025 1202 ln
1039 1144 1133 1204 latere
1147 1154 1229 1204 tem-

133 1225 175 1304 pli
190 1227 427 1306 septentrionali,
449 1244 578 1307 quarum
600 1228 698 1305 prima
720 1238 766 1286 est
779 1231 813 1286 in
829 1229 939 1308 angulo
957 1231 1087 1288 intuenti
1104 1241 1229 1308 septen-

134 1313 252 1369 trionem
271 1322 303 1370 et
323 1313 481 1371 orientem.
524 1312 590 1370 eius
607 1311 667 1372 duo
685 1312 781 1384 latera
798 1315 948 1374 exteriore
965 1323 1091 1394 surgunt
1107 1334 1124 1372 a
1140 1333 1227 1374 muro

134 1405 163 1454 et
174 1394 308 1456 desinunt
320 1398 354 1455 in
367 1416 481 1456 arcum.
524 1397 558 1456 in
569 1398 699 1456 laterum
709 1397 812 1458 medio
823 1400 979 1458 columnae
992 1409 1052 1459 tres
1065 1410 1135 1458 sunt
1150 1419 1229 1480 qua-

133 1477 227 1539 dratae
256 1483 324 1541 loco
349 1484 491 1562 pariatis,
519 1501 630 1562 nempe
653 1483 853 1542 fenestrarum
874 1482 1065 1563 parastades,
1099 1503 1229 1565 quarum

130 1585 231 1645 scapus
259 1564 354 1626 habet
383 1569 580 1647 perimetruur
610 1570 744 1649 quinque
764 1567 878 1648 pedum
899 1579 929 1628 et
950 1572 1039 1630 unius
1063 1567 1228 1630 dodrantis.

129 1671 214 1730 supra
227 1649 348 1710 easdem
361 1655 495 1711 eminent
506 1653 584 1711 aliae
597 1663 657 1713 tres
670 1652 851 1734 quadratae:
872 1652 931 1714 hae
943 1675 1048 1715 omues
1060 1666 1130 1716 suut
1142 1676 1227 1714 mar-

128 1739 216 1794 moris
239 1738 312 1796 alibi
334 1740 369 1795 in
392 1738 525 1798 colorem
545 1739 688 1817 glaucum
709 1741 871 1818 vergentia.
913 1740 993 1800 latus
1017 1743 1169 1820 pertinens
1187 1737 1227 1800 ad

127 1822 295 1880 interiorem
320 1819 404 1882 aedis
427 1834 544 1902 partem
564 1821 658 1884 habet
677 1843 734 1884 aex
754 1825 909 1885 columnas
926 1821 1056 1900 virides,
1078 1827 1227 1886 subiectas

128 1909 207 1966 arcui
234 1908 395 1967 sustinenti
423 1921 560 1988 quartam
586 1920 705 1988 partem
732 1907 879 1988 sphaerae
899 1911 1069 1982 orientalia,
1098 1929 1228 1991 quarum

127 1993 205 2050 imus
230 2012 339 2072 scapus
365 1994 512 2058 ambitum
533 1991 624 2054 habet
643 2005 760 2073 septem
781 1993 896 2074 pedmn
915 2005 945 2053 et
966 2005 1032 2056 octo
1053 1992 1229 2073 digitorum.

126 2095 225 2134 earum
235 2078 480 2150 intercolumnia,
504 2077 625 2160 dimtyli
641 2077 835 2158 dispositione
852 2077 1008 2154 distincta,
1029 2081 1091 2138 lata
1109 2091 1228 2160 septem

127 2161 215 2242 pedes
238 2173 267 2221 et
287 2161 430 2222 undecim
449 2161 577 2242 digitos,
610 2165 722 2244 pluteis
743 2167 921 2224 muniuntur
941 2167 1134 2242 marmoreis,
1156 2165 1226 2224 altis

127 2258 262 2328 quattuor
290 2245 403 2326 pedes,
439 2250 548 2330 quibus
575 2251 784 2310 incumbentes
813 2249 917 2310 vident
944 2251 1116 2310 interiorem
1142 2249 1227 2312 aedis

124 2341 254 2412 partem
274 2343 340 2391 tam
358 2333 508 2392 infernam
525 2353 618 2415 quam
633 2355 806 2415 supernam.
849 2336 929 2396 latus
944 2339 1134 2395 interiectum
1147 2338 1228 2396 inter

124 2420 250 2497 primam
269 2419 371 2480 aulam
396 2430 425 2480 et
448 2419 613 2480 secundam
634 2440 654 2495 ⁸a
674 2424 788 2501 parieta
810 2425 951 2481 exteriori
968 2434 1109 2501 vergente
1123 2418 1163 2481 ad
1175 2443 1228 2483 se·

124 2507 339 2583 ptentrionem,
369 2526 465 2586 usque
485 2504 526 2565 ad
549 2508 643 2587 pilam
663 2526 809 2586 magnam
830 2511 1027 2568 sustinentem
1048 2528 1150 2567 arcum
1169 2506 1228 2567 he-

123 2587 312 2668 misphaerii,
344 2591 463 2671 largum
496 2602 542 2652 est
572 2590 770 2672 quadraginta
794 2604 935 2673 quattuor
956 2592 1066 2673 pedes,
1096 2613 1228 2673 quorum

124 2686 238 2753 partem
262 2674 417 2755 possident
439 2678 535 2756 pilae,
556 2687 674 2755 partem
696 2697 783 2737 arcus
803 2698 929 2758 surgens
943 2698 960 2736 a
975 2690 1059 2758 tergo
1075 2681 1155 2759 pilae
1172 2696 1228 2737 su-

123 2763 235 2820 stinens
248 2758 520 2841 hemisphaerium,
542 2780 603 2842 quo
615 2772 678 2822 toto
690 2773 823 2842 patente,
844 2764 905 2824 lato
919 2765 1006 2823 iuxta
1020 2766 1228 2843 pavimentum

122 2848 229 2924 uiginti
242 2844 352 2925 pedes,
372 2851 516 2907 transitur
532 2865 550 2904 a
566 2849 664 2927 prima
680 2850 749 2907 aula
767 2846 806 2907 ad
819 2847 984 2908 secundam
998 2850 1110 2907 aularu.
1154 2849 1229 2907 reli-

122 2949 215 3011 quam
226 2932 329 2991 lateris
343 2934 422 2991 inter
433 2935 563 3012 primam
577 2943 607 2991 et
621 2933 785 2995 secundam
797 2936 899 2992 aulam
912 2932 1082 2993 intermedii
1097 2942 1225 3011 partem,

122 3016 214 3074 latam
231 3018 339 3095 viginti
353 3027 494 3097 quattuor
507 3016 616 3096 pedes,
638 3030 785 3098 occupant
796 3020 876 3099 pilae
890 3038 975 3077 arcus
992 3028 1021 3076 et
1038 3038 1143 3076 murus
1157 3036 1226 3077 sur-

122 3119 196 3179 gens
210 3103 294 3160 velut
307 3103 356 3159 ala
369 3121 466 3181 usque
483 3102 522 3162 ad
538 3108 827 3163 concamerationem
846 3100 1070 3182 hemisphaerii.
1115 3122 1226 3161 secun-

123 3185 178 3244 dae
192 3188 278 3245 aulea
292 3191 509 3247 concameratio
525 3199 661 3247 extrema
679 3191 843 3249 sustinetur
856 3187 983 3247 arcubus
995 3198 1025 3246 et
1040 3188 1224 3267 parietibus:

121 3270 223 3330 media
242 3292 313 3331 vero
334 3275 440 3331 nititur
459 3284 601 3355 quattuor
618 3276 765 3333 columnis
787 3276 863 3333 albis
878 3273 917 3331 ad
933 3274 1073 3351 glaucrun
1092 3273 1225 3332 colorem

122 3355 348 3431 accedentibus,
371 3376 499 3438 quarum
518 3378 628 3439 scapus
641 3360 675 3417 iu
690 3361 805 3417 ambitu
823 3358 1029 3438 complectitur
1040 3368 1156 3436 septem
1168 3378 1225 3437 pe-

122 3439 185 3501 des.
227 3440 360 3501 secunda
383 3446 446 3502 sire
464 3442 567 3503 media
590 3444 660 3502 aula
681 3442 828 3524 quadrata
852 3455 913 3517 ert,
945 3445 1029 3503 cuius
1052 3441 1111 3501 duo
1131 3444 1226 3503 latera

123 3529 307 3587 sustinentur
321 3531 432 3607 partim
445 3532 540 3588 muris
556 3531 666 3609 partim
682 3530 825 3601 arcubus,
847 3549 977 3609 quorum
991 3530 1119 3587 alterurn
1133 3548 1226 3588 cornu

120 3615 251 3672 nascitur
271 3632 289 3671 a
310 3622 394 3692 tergo
419 3612 547 3673 duarum
571 3634 750 3693 magnarum
775 3616 905 3693 pilarum
925 3615 1136 3673 sustinentium
1156 3633 1226 3673 ma-

120 3716 215 3776 guum
236 3696 508 3777 hemisphaerium,
530 3700 658 3759 alterurn
677 3702 841 3757 sustinetur
856 3700 926 3779 pilis
941 3698 1104 3759 amentibus
1121 3718 1161 3757 ex
1174 3701 1226 3756 in-

120 3785 222 3841 teriori
234 3794 320 3863 parta
337 3804 492 3844 murorum
508 3785 636 3843 clarium
651 3786 842 3843 fulcierrtium
859 3786 936 3863 pilus
952 3788 1091 3843 maiores.
1136 3782 1226 3843 huius

120 3866 268 3927 secundae
283 3871 348 3929 sive
361 3867 578 3929 mediaeaulae
593 3872 673 3930 latua
687 3872 819 3931 exterius
833 3871 899 3931 loco
915 3872 1038 3948 parietis
1054 3868 1144 3929 habet
1158 3878 1226 3929 octo

120 3955 274 4013 cclrrmnas
296 3952 473 4035 quadratas,
495 3975 622 4036 quarum
642 3957 805 4035 perisneter
821 3965 867 4014 est
882 3974 938 4014 sex
951 3954 1074 4035 pedum.
1117 3957 1149 4015 iu
1173 3972 1227 4034 esf

120 4057 190 4097 rnrn
209 4037 312 4098 medio
333 4050 380 4099 est
400 4059 513 4119 magna
531 4042 612 4121 pila:
634 4041 885 4102 intercolumnas
902 4036 1163 4119 casparastadurn
1175 4040 1263 4105 vi-1›
1281 4050 1335 4109 553

120 4143 188 4182 cem
211 4135 398 4203 praestantes
421 4135 492 4185 sunt
512 4126 673 4185 fenestrae.
716 4136 871 4206 praeterea
892 4144 982 4205 supra
1004 4122 1125 4183 easdem
1142 4123 1228 4181 colu·-

119 4226 209 4267 mnas
230 4211 366 4269 existunt
386 4212 468 4291 pilae
489 4209 683 4290 parastadum
703 4213 804 4271 vicem
826 4211 1004 4291 praebentes
1023 4207 1228 4288 superioribus

119 4294 375 4444 immugipppa
388 4306 452 4357 tam
464 4299 633 4377 superiores
646 4316 739 4379 quam
751 4297 925 4373 interiores,
946 4313 1073 4353 numero
1084 4290 1227 4369 sedecim,
