3000 4850
450 284 506 353 tn
531 280 812 353 mcuruoauu
833 282 991 355 notra.
1201 286 1275 359 123

170 449 219 511 uis
233 459 297 533 tam
310 443 430 509 turbida
445 444 644 529 dosoriptione
657 444 769 529 liquidi
780 456 934 529 utumque
946 446 1063 531 aliquid
1078 452 1275 533 exprimatur,

169 554 314 615 magnam
337 534 392 593 illa
406 534 583 613 Bulgariam
605 530 646 593 ad
660 530 819 593 Maeotidis
843 532 970 614 paludes
996 537 1038 596 uis
1057 538 1179 597 Tanain
1200 560 1275 601 oon-

170 623 284 695 stituit,
309 620 363 681 ubi
382 622 507 700 lazyges
531 630 561 679 et
580 620 732 679 Roxolani
754 618 867 699 aliique
890 616 1022 699 Scythas
1044 622 1199 703 quondam
1223 626 1274 687 rel

169 708 345 782 Sarmatae,
366 725 447 764 nuno
460 701 666 765 Moschovitaa
682 704 732 763 vel
747 706 880 763 minores
896 706 1019 765 Tartari
1032 712 1210 790 nuncupati.

255 811 288 872 p·
303 794 344 856 38
357 812 390 851 r.
405 790 456 855 15.
477 786 629 866 Boursada
644 784 732 871 υἱός]
755 792 837 849 varia
855 787 949 850 huius
968 809 1081 850 nomen
1096 797 1275 876 concipitur,

169 886 204 935 ut
221 886 252 935 et
261 877 371 957 patris,
399 876 452 957 qui
467 876 612 937 Crobatus
628 872 851 957 aThaophms
866 873 992 955 dicitur,
1020 876 1102 939 filius
1116 899 1188 940 vero
1199 884 1276 943 Bat-

169 961 516 1111 gmgaidderldiitiguidu·
538 1040 698 1126 stomaro
718 1040 773 1107 sui
794 1036 987 1126 Advorsum]
1015 1044 1169 1109 cedrenus
1188 1050 1223 1109 in
1243 1069 1275 1111 a.

169 1131 356 1213 copronymi
367 1135 408 1197 23
423 1131 531 1192 fluvios
545 1132 616 1191 illos
629 1131 814 1190 ooniunotim
825 1132 972 1207 nominat,
986 1132 1169 1210 Danubium,
1185 1129 1276 1197 Kori-

172 1239 256 1297 φην,
276 1218 438 1276 Danastrin
457 1226 488 1276 et
509 1217 675 1296 Danapriu.
719 1210 854 1296 Κοόφην
871 1218 1035 1277 verisimile
1048 1228 1094 1279 est
1104 1217 1274 1299 Cophinern

170 1322 256 1379 essa,
278 1299 316 1361 da
333 1320 394 1383 quo
408 1302 500 1383 paulo
515 1312 614 1361 antas.
655 1299 821 1361 Iomandes
842 1299 880 1361 de
900 1302 990 1361 rebus
1006 1304 1120 1365 Getieis
1134 1306 1275 1384 Scythen,

168 1388 284 1469 iuquit,
311 1388 481 1447 θενιιωηαι
497 1398 593 1447 terrae
606 1386 733 1462 confinis
746 1406 781 1445 eo
794 1397 881 1446 umes
892 1386 948 1445 aba·
960 1389 1039 1447 Ister
1051 1392 1147 1449 uritur
1158 1394 1273 1464 wenis,

169 1472 222 1533 vel
231 1484 375 1553 stagnum
387 1472 535 1532 diktatw
548 1474 741 1551 Murranum,
767 1472 890 1531 undem
904 1494 1000 1553 usqua
1012 1474 1196 1553 adflumina
1212 1478 1274 1556 7)-

170 1578 239 1618 mm
257 1559 449 1617 Danaatmm
473 1568 502 1617 et
525 1556 708 1639 Vugosolam
735 1578 942 1637 magnumque
962 1559 1052 1618 illmrr
1072 1562 1269 1641 Danapmm.

168 1644 357 1725 paulopost:
385 1654 471 1702 anus
486 1662 569 1716 vero,
592 1644 646 1723 qui
663 1650 736 1701 utut
750 1662 851 1702 eorum
859 1644 1027 1723 sortz'saimr‘
1039 1649 1095 1725 qui
1106 1647 1152 1707 ad
1162 1650 1274 1707 Ponti-

169 1748 240 1787 crtm
260 1750 344 1789 mara
360 1740 539 1801 rumonim,
559 1748 581 1787 α
593 1728 749 1787 Danuatru
769 1729 970 1787 extendatur
989 1751 1085 1811 usque
1102 1733 1148 1791 ad
1158 1733 1273 1793 Dm.

166 1815 517 1960 §iuditii
530 1812 863 1981 mittit:
870 1812 954 1975 Ἴ.
955 1836 1050 1959 ἼἼ
1062 1816 1194 1961 diii
1201 1914 1274 1979 t

168 1980 261 2043 hodia
275 1985 412 2064 Dnisper
432 1985 619 2067 appellatur,
648 2002 780 2065 quocum
793 1985 871 2045 falso
886 2003 905 2043 a
921 1985 1102 2066 quibusdam
1115 1989 1274 2068 Danaprus

169 2068 379 2147 confunditur,
410 2072 490 2129 inter
507 2088 599 2151 quem
615 2078 646 2127 et
656 2073 767 2128 istrum
780 2071 945 2130 Danastrus
961 2082 1023 2148 est,
1045 2084 1080 2132 ut
1094 2076 1275 2134 Ammianus

168 2154 270 2233 prodit
282 2158 305 2215 l.
320 2159 379 2229 313
401 2152 435 2214 id
448 2155 532 2237 quod
547 2166 617 2213 anta
628 2173 684 2215 nus
697 2156 828 2217 Ortelius
841 2156 1022 2217 observavit.
1065 2157 1120 2217 sad
1132 2162 1275 2241 quianam

169 2241 334 2300 Danastrus
355 2241 409 2299 illa
429 2243 469 2300 sit
488 2239 624 2299 nondum
638 2241 745 2321 liquat.
786 2241 913 2300 forsitan
933 2241 1016 2303 idem
1033 2254 1080 2304 est
1101 2264 1172 2305 oum
1188 2246 1274 2327 Tyra

168 2325 273 2402 flurin,
295 2324 410 2408 cuphis
422 2345 494 2387 varo
509 2346 579 2385 oum
588 2329 715 2401 Axiaoe,
736 2327 788 2387 val
800 2337 915 2387 uonna.

252 2433 284 2493 p·
301 2412 343 2478 39
357 2432 387 2472 v.
402 2416 434 2477 7.
474 2415 529 2494 τῆς
540 2410 704 2494 Βερυλίᾱς]
725 2408 806 2472 hano
819 2412 988 2472 Ber-saliam
1003 2425 1092 2474 voaat
1104 2412 1274 2496 Theopha-
1344 2446 1346 2453 ·

167 2515 240 2574 uas,
261 2497 315 2556 alii
327 2498 501 2558 Ber-sitiam.
528 2496 583 2558 aad
595 2508 732 2578 corrupta
748 2509 819 2558 sunt
836 2516 914 2579 quae
931 2512 1108 2580 sequuntur.

252 2581 295 2642 ib.
313 2603 344 2642 r.
358 2587 411 2647 22.
454 2581 506 2647 tat
526 2581 748 2665 Μεσημβρίαν]
778 2587 814 2643 Ρ.
829 2587 980 2646 Diaconus
1000 2587 1183 2646 inMisuella
1199 2605 1274 2666 per-

167 2685 273 2750 peram
286 2668 440 2727 meriiism
451 2670 551 2745 vertit,
573 2669 693 2730 sumsit
705 2672 862 2752 proprium
875 2672 958 2730 urbis
973 2691 1095 2730 nomeu.

253 2772 286 2833 p·
294 2751 373 2818 tov.
383 2759 415 2820 7.
436 2749 1161 2836 Buovdv]Bamaat0dyssusMoesiaaiuterioris
1170 2757 1272 2816 urbes.

253 2835 296 2897 ib.
317 2857 348 2898 v.
370 2842 422 2903 20.
463 2842 558 2900 ταῦτα
581 2835 724 2920 διαγνούς
743 2839 995 2921 Κωνσταντῖνος]
1024 2853 1111 2901 sexta
1128 2839 1272 2920 Synodus

167 2931 270 2984 aoaata
290 2923 347 2983 sub
363 2921 522 3002 Agathone
541 2919 643 2981 habita
664 2934 709 2983 ast
727 2943 756 2982 a.
775 2929 814 2991 13
833 2927 954 3006 imperii
968 2926 1156 2985 Constantini
1168 2929 1272 3006 Pogo-

167 3011 248 3084 nati,
270 3017 309 3067 ut·
321 3019 425 3069 auotor
443 3018 489 3069 est
503 3006 672 3087 cedrenus,
701 3007 890 3091 Nioaphorus
908 3012 942 3069 in
963 3008 1129 3087 chronico,
1154 3022 1185 3070 st
1207 3013 1272 3072 alii.

167 3091 373 3174 Theophanes
393 3091 433 3153 ad
449 3114 478 3153 a.
497 3095 538 3158 12
554 3093 655 3152 refert.
699 3095 752 3174 qui
773 3097 897 3174 insuper
917 3116 949 3176 p.
962 3099 1101 3163 aot—2
1116 3098 1224 3156 ultimo
1241 3116 1272 3156 a.

167 3181 317 3260 Pogonati
334 3179 453 3260 prolixe
474 3176 512 3237 da
532 3176 640 3260 synodi
659 3177 749 3241 huius
771 3191 908 3261 tempora
929 3180 1078 3260 disputat,
1110 3201 1188 3264 quaa
1211 3181 1271 3242 hoo
1286 3189 1310 3245 P
1326 3191 1362 3246 ta

167 3265 235 3324 looo
259 3263 407 3324 dissutam
425 3267 551 3324 minima
569 3284 692 3326 necesso
714 3275 769 3325 est.
812 3278 847 3325 ut
869 3264 908 3324 ad
928 3271 948 3331 6
967 3266 1120 3345 synodum
1138 3265 1272 3345 redeam,

167 3347 252 3408 haud
266 3348 393 3409 dubium
406 3361 452 3412 est
464 3352 539 3432 quin
552 3369 581 3408 a.
595 3350 630 3410 c.
646 3354 709 3417 680
723 3350 863 3412 inchoata
876 3354 925 3426 sit,
946 3351 1014 3411 lud.
1027 3355 1059 3428 9,
1080 3356 1158 3412 Nor.
1173 3356 1194 3416 7
1209 3353 1270 3428 die,

168 3435 311 3516 finitaque
328 3437 368 3495 sit
381 3454 460 3496 anno
477 3437 626 3517 sequenti.
669 3456 748 3518 quo,
778 3447 813 3497 ut
828 3438 921 3497 refert
937 3433 1132 3514 Anastasius,
1155 3441 1196 3505 17
1210 3442 1272 3499 Fe-

168 3521 280 3580 bruarii
300 3518 450 3582 dominius
472 3522 547 3597 fuit,
577 3522 662 3603 ayolo
679 3524 829 3598 solis18,
860 3523 908 3584 lit.
932 3521 1015 3584 dom.
1032 3525 1069 3583 F.
1109 3525 1145 3584 in
1162 3528 1274 3591 sudati

168 3604 279 3688 synodi
291 3616 412 3666 notatur
424 3603 475 3666 hio
490 3625 587 3666 annus
599 3609 789 3668 Constantini
800 3611 860 3684 27,
882 3607 966 3690 qnod
981 3609 1114 3691 reliquos
1132 3631 1202 3672 uum
1216 3630 1276 3691 pa·

169 3701 213 3750 tre
230 3689 329 3750 adhuo
350 3694 509 3771 superstite
524 3694 691 3773 imperarit.
733 3705 843 3776 quotus
857 3713 931 3754 vero
947 3692 998 3753 hio
1017 3707 1087 3776 post
1103 3697 1277 3757 constantis

168 3777 285 3837 obitum
305 3777 397 3836 fuerit
412 3787 492 3837 serto
514 3777 633 3838 definiri
651 3791 771 3860 posset,
799 3782 828 3841 si
842 3778 881 3840 de
894 3800 999 3840 mense
1015 3801 1051 3841 au
1064 3780 1114 3842 dis
1128 3793 1278 3844 onustarat

167 3881 229 3944 quo
243 3863 390 3922 Constans
403 3864 505 3922 vivero
521 3861 620 3924 desiit.

252 3967 284 4028 p·
297 3946 337 4012 41
356 3966 388 4009 v·
404 3947 456 4012 15.
476 3950 533 4012 τοῦ
551 3942 711 4028 ὈψικίουῙ
748 3946 788 4008 da
810 3951 972 4031 Opsioiano
995 3949 1128 4012 themate
1153 3947 1274 4010 abunda

169 4029 302 4112 disputat
317 4033 529 4094 constantinus
543 4031 803 4115 Porphyroganita
812 4055 831 4094 a
843 4037 991 4097 Vulcania
1006 4035 1123 4112 editum
1143 4037 1200 4096 sub
1212 4055 1274 4116 quo

168 4116 380 4200 comprehensi
390 4117 526 4201 Bithyni,
548 4123 638 4200 Mysi,
660 4118 807 4202 Phryges,
827 4120 972 4200 Dardani,
992 4125 1101 4183 Troas.
1132 4114 1276 4201 'Opissas

168 4205 277 4263 Latina
290 4223 353 4264 vox
368 4215 422 4281 ert,
437 4225 530 4287 quara
545 4205 746 4286 Obsequium
758 4227 977 4290 nonuunquam
991 4207 1163 4268 reddimus:
1177 4207 1277 4285 signi·

169 4289 237 4350 tioat
252 4292 334 4350 enim
349 4285 421 4370 rodo
434 4291 719 4377 προπορευομένους
736 4292 913 4378 ἔμπροσθεν
931 4297 987 4359 τοῦ
999 4290 1147 4376 βασιλέως
1158 4291 1210 4358 tat
1226 4283 1276 4356 ui·
