3000 4850
165 363 213 416 n
292 339 449 414 celtou
470 339 533 412 DU
555 337 721 410 FRESNE
743 337 904 412 DOMINI
925 339 990 412 llll
1013 340 1151 413 GlNGE

43 547 47 552 ·
165 521 197 574 et
210 509 274 573 auis
286 507 327 570 sd
337 507 503 571 Historiam
517 509 688 591 Augustam
703 508 784 572 notis
801 508 1020 591 publicaverat.
1061 519 1094 570 st
1110 528 1185 571 sene
1202 509 1275 571 lieet

165 641 280 716 quanta
300 631 393 693 fuerit
413 629 503 691 Psali
520 629 687 691 Silentierii
700 631 733 690 in
747 649 784 692 eo
798 627 950 691 scribendi
968 648 1079 711 genere
1091 630 1220 692 femltes
1233 649 1276 692 ex

164 751 250 829 aliis,
272 770 351 834 quae
372 749 436 810 iem
455 749 558 810 lucem
572 746 793 832 adspexerant,
813 749 968 832 opusculis
980 751 1050 830 plus
1063 751 1137 812 satis
1148 759 1275 829 constet,

166 882 235 934 tum
258 869 337 931 illud
357 870 537 953 praesertim
557 867 641 953 quod
662 869 767 950 Regiis
791 889 875 931 nunc
896 869 980 952 typis
998 889 1146 931 excusam
1162 869 1275 952 prodit,

165 991 361 1074 praecipuam
383 991 496 1054 mereri
513 986 640 1052 laudem
657 986 780 1052 videtur
797 1007 835 1050 ao
853 987 1164 1069 commendationem,
1192 989 1277 1074 quod

167 1122 289 1194 praeter
305 1111 473 1174 carminum
490 1110 674 1192 elegantiam
690 1118 860 1172 securatam
871 1110 1086 1192 Angustissimi
1098 1113 1208 1195 templi
1220 1111 1278 1172 de·

168 1232 363 1314 scriptionem
384 1234 502 1315 vixque
523 1230 737 1292 oculatioribus
754 1228 904 1294 meeum
920 1232 1106 1292 intellectum
1120 1233 1211 1295 nobis
1220 1255 1278 1294 re·

169 1360 353 1434 praesentet.
365 1346 402 1434 *)
443 1371 518 1412 nem
530 1353 739 1414 commentarii
752 1370 830 1435 quos
844 1353 913 1413 aeri
922 1352 1074 1413 inferioris
1085 1353 1226 1413 Graeculi
1238 1351 1278 1413 de

170 1469 231 1533 hec
244 1469 321 1532 aede
333 1473 491 1554 scripsere,
511 1472 663 1534 sublestae
677 1469 754 1532 edeo
768 1481 840 1533 sunt
852 1470 935 1550 fidei,
952 1472 1099 1554 nulloque
1111 1492 1174 1534 non
1185 1471 1278 1536 modo

170 1589 282 1674 digesti
293 1590 409 1669 ordine,
430 1587 593 1653 sedetiam
606 1590 763 1654 vocubulis
779 1592 915 1654 barbaris
929 1589 1075 1674 adspersi,
1090 1603 1125 1653 ut
1136 1590 1280 1653 divinen-

170 1709 229 1773 dae
242 1714 287 1774 rei
300 1712 402 1793 potius
414 1729 507 1794 quem
515 1710 729 1794 percipiendae
743 1711 846 1773 locum
858 1713 1033 1794 praebeant.
1076 1710 1158 1773 unde
1167 1715 1280 1773 mirum

168 1829 268 1895 rideri
291 1851 355 1893 non
378 1829 486 1909 debet,
507 1831 536 1894 si
553 1833 607 1916 qui
624 1829 664 1892 de
686 1833 871 1892 Graecorum
890 1833 1015 1913 templis
1036 1842 1128 1915 etque
1146 1830 1223 1894 edeo
1241 1831 1280 1894 de

169 1949 326 2033 Sophiano
351 1971 517 2035 eorumque
537 1954 674 2033 partibus
697 1953 862 2034 scripsere,
890 1961 1010 2012 mutum
1033 1953 1115 2011 inter
1132 1971 1168 2013 se
1188 1949 1282 2014 dissi-

170 2071 263 2132 deent
277 2073 330 2133 vel
344 2081 424 2134 certe
443 2072 568 2133 omnino
586 2091 649 2132 non
665 2071 863 2151 convenient,
884 2092 955 2133 oum
970 2091 1033 2132 non
1049 2091 1098 2133 res
1113 2073 1214 2133 solum
1227 2069 1283 2135 sed

169 2213 210 2254 ne
223 2194 280 2253 vix
293 2193 387 2253 verbe
399 2189 526 2273 quidem
538 2191 605 2272 ipsa
620 2191 801 2272 percipient.
843 2189 900 2254 sed
913 2213 983 2252 ecce
995 2193 1088 2253 tentis
1101 2193 1136 2252 in
1149 2192 1283 2253 teneluis

169 2314 272 2374 fecem
289 2311 418 2394 porrigit
438 2311 555 2372 Paulus
575 2309 784 2385 Silentierius‚
808 2311 928 2371 utinm
949 2321 995 2372 tot
1012 2311 1129 2372 lacunis
1146 2330 1209 2371 nou
1226 2309 1288 2371 de-

171 2442 327 2515 tnrpstns3
349 2432 435 2493 cuius
450 2441 535 2493 tanto
548 2430 647 2491 meicr
661 2428 923 2514 praestantiorque
936 2429 1035 2493 videri
1047 2430 1139 2492 debet
1152 2431 1284 2493 auctori-

170 2562 234 2631 tas,
257 2572 318 2635 quo
343 2552 518 2612 tonantiori
544 2550 663 2613 odemo
684 2551 860 2611 unireraam
875 2550 1063 2611 celeberrimi
1077 2551 1184 2633 templi
1196 2571 1215 2612 a
1228 2552 1284 2612 lu·

171 2674 304 2736 atiniano
318 2693 375 2734 sua
384 2680 564 2754 tempestate
578 2670 703 2733 excitati
715 2680 896 2733 structuram
906 2666 1059 2732 describit.
1089 2670 1190 2732 floruit
1201 2672 1285 2732 enim

174 2816 213 2857 eo
235 2796 404 2876 imperante
424 2812 487 2853 non
506 2792 627 2875 poetica
646 2790 796 2853 duntaxat
815 2803 846 2854 et
865 2792 995 2853 oretoria
1008 2788 1102 2852 leude
1116 2800 1215 2851 aetate
1228 2810 1284 2853 sua

172 2914 266 2996 longe
282 2914 484 2993 clarissimus,
505 2906 561 2975 sed
576 2920 607 2975 et
624 2912 775 2973 metalium
786 2910 948 2994 splendore
963 2912 1130 2996 opibusque
1142 2921 1173 2974 et
1183 2908 1286 2973 hono-

173 3034 258 3097 ribus
288 3034 480 3117 oonspiouus.
521 3034 619 3095 Paulo
643 3044 803 3115 parentem
828 3032 924 3094 fuisse
948 3034 1064 3116 cyrum
1083 3030 1172 3094 docet
1191 3028 1285 3093 huius

173 3156 316 3217 carminis
335 3156 459 3235 titulm,
488 3154 543 3239 qui
564 3151 690 3238 quidem
713 3172 778 3215 non
795 3154 875 3215 elius
891 3150 970 3214 mihi
989 3150 1110 3213 videtur
1127 3150 1166 3213 eb
1181 3153 1286 3237 ecqui

173 3270 238 3343 elec*
251 3269 381 3341 ducitur
396 3295 452 3336 seu
469 3274 576 3336 consul
589 3271 771 3336 codicillaris
785 3274 921 3352 exstitit,
943 3273 1029 3334 cuius
1046 3273 1119 3333 bine
1135 3270 1286 3333 habentur

172 3398 392 3479 epigrammate
410 3396 445 3455 in
463 3392 650 3478 Anthologie
666 3395 719 3455 Gr.
733 3392 791 3460 1.4
806 3414 834 3455 o.
845 3398 887 3461 28
902 3404 933 3455 et
945 3390 1004 3472 2Y,
1025 3394 1155 3454 elternm
1173 3394 1208 3452 in
1227 3388 1286 3452 do-

171 3538 260 3579 mum
271 3508 289 3576 e
302 3516 474 3578 Maximino
489 3516 576 3598 cpoli
588 3526 789 3593 exstructam,
811 3514 942 3577 elterum
954 3515 989 3574 in
1000 3524 1132 3577 statuam
1142 3507 1288 3589 Pinderi3

172 3636 250 3699 adeo
264 3648 298 3698 ut
311 3637 444 3715 Paulum
458 3655 477 3697 a
491 3647 617 3718 parente
631 3654 719 3697 suam
731 3638 765 3695 in
779 3630 945 3718 ποιητικήν
957 3636 1191 3717 propensionem
1205 3628 1287 3692 heu-

171 3760 248 3820 siese
265 3778 322 3839 par
342 3758 382 3817 sit
402 3752 536 3818 credere.
576 3758 718 3817 meminit
734 3756 828 3816 etiem
843 3758 1010 3839 Procopius
1026 3756 1086 3820 12
1102 3750 1288 3815 vandalico-

173 3900 243 3941 rum
265 3879 338 3960 cyri
362 3874 538 3955 cuimdam,
560 3877 615 3961 qui
636 3876 715 3939 forte
734 3874 820 3937 idem
842 3876 936 3936 fuerit
959 3895 1030 3935 oum
1049 3872 1212 3934 consulari.
1253 3879 1287 3931 et

172 3996 257 4083 quod
275 3994 422 4079 Agathias
443 3994 483 4059 de
501 3997 598 4059 Paulo
621 3998 756 4060 scribens
780 3994 859 4059 leaeo
882 3991 1001 4075 subdit,
1031 3988 1227 4075 dvalayladu
1246 3984 1287 4054 ιδ

175 4112 294 4203 Παύλῳ
310 4112 418 4201 Κύρου
432 4120 490 4183 rori
503 4109 634 4201 Φλόρου
653 4114 689 4187 lc
710 4116 883 4205 ἑξαμέτροις
902 4109 1116 4199 πεπονημένα,
1134 4112 1180 4174 sio
1197 4082 1287 4191 dige-

244 4374 278 4445 ')
312 4376 352 4430 of.
368 4370 499 4445 Agathino
515 4389 546 4446 p·
562 4372 616 4431 86
631 4372 686 4432 ltus
702 4374 747 4433 ed.
763 4374 852 4431 Boou.
