3000 4850
296 1086 372 1162 An
404 1087 741 1168 urcnrnoffl
772 1087 1149 1169 nnmerum

168 1286 219 1403 N
435 1292 486 1405 Ο
701 1290 755 1403 Τ
966 1292 1017 1399 Α
1233 1296 1276 1403 li

377 1538 564 1603 AUCTORE
584 1537 770 1601 nlonrsto
789 1536 966 1604 nutavit)
986 1538 1021 1600 8.
1041 1541 1067 1601 l.

486 1956 956 2051 ΠΡΟΘΕΩΡΙΑ.

164 2128 235 2243 Ex
249 2182 386 2243 omnium
397 2182 614 2265 imperatorum
625 2202 754 2245 numero
766 2184 924 2245 nemiuem
935 2181 1067 2263 reperies
1079 2180 1134 2263 qui
1146 2193 1198 2241 aut
1213 2181 1275 2244 ‹lif-

164 2269 292 2329 ficiliora
309 2288 403 2349 quam
419 2270 577 2331 Heracliue
589 2281 727 2355 tempora
737 2281 844 2332 nauus
857 2271 898 2329 eit
910 2278 962 2327 aut
971 2270 1061 2348 plura
1073 2272 1275 2347 praestantio-

164 2374 259 2439 raqne
271 2354 356 2415 brevi
369 2352 446 2415 adeo
460 2358 558 2438 spatio
570 2356 741 2438 perfecerit.
783 2354 892 2419 eadem
910 2374 982 2415 vero
995 2355 1049 2413 ille
1064 2364 1201 2434 tempera
1213 2376 1276 2415 non

163 2443 264 2521 magio
289 2441 366 2501 olim
384 2443 536 2502 bellorum
556 2443 736 2504 tumultibus
762 2452 848 2503 erant
873 2461 968 2525 quam
990 2437 1084 2502 hodie
1103 2444 1275 2502 narratione

163 2529 232 2608 ipea
244 2535 316 2587 eunt
328 2537 419 2608 utque
437 2547 585 2592 annornm
599 2531 677 2591 serie
693 2531 877 2609 perturbate.
919 2523 979 2586 hoc
1002 2529 1085 2588 enim
1103 2527 1177 2584 citra
1192 2529 1275 2586 invi-

164 2611 249 2674 dinm
271 2610 332 2672 dici
350 2623 466 2692 potest,
486 2615 608 2678 nullum
627 2611 689 2676 huc
706 2616 804 2696 neque
827 2612 1010 2689 chronicon,
1031 2613 1156 2672 anualee
1172 2614 1275 2672 nullon

163 2697 334 2774 exstitisse,
355 2699 389 2758 in
410 2699 522 2780 quibus
542 2719 606 2760 nou
625 2701 680 2760 illa
701 2710 894 2780 praepostere
920 2697 1068 2778 deecuipte
1085 2699 1161 2772 nint,
1183 2708 1275 2778 atque

162 2803 207 2846 ex
223 2773 373 2844 anhcrum
383 2785 434 2844 vel
450 2786 665 2864 anticipatione
682 2787 734 2846 vel
745 2787 920 2846 traiectione
940 2785 1007 2844 vitii
1024 2781 1141 2862 aliquid
1158 2781 1275 2842 adhue-

161 2870 246 2931 eerit.
289 2867 433 2950 equidem
453 2880 601 2951 quantum
619 2872 653 2930 iu
671 2871 735 2930 illie
755 2873 867 2950 partim
884 2867 1024 2930 eruendis
1041 2868 1153 2948 partim
1167 2888 1275 2928 emen-

161 2952 274 3016 dandis
285 2974 395 3034 operae
409 2957 574 3036 potuerim,
594 2954 672 3017 mihi
683 2956 750 3036 ipee
763 2975 834 3016 eum
845 2957 1000 3019 courciue:
1023 2962 1171 3034 qnantum
1183 2973 1274 3032 porro

161 3049 341 3102 consecutur
360 3041 486 3118 merim,
509 3041 593 3104 mulo
611 3039 646 3102 id
663 3042 795 3104 aliorum
815 3039 930 3102 iudicio
945 3040 1116 3122 relinquere
1133 3057 1228 3120 quam
1239 3041 1273 3098 iu

161 3127 298 3190 cretione
310 3143 381 3187 mea
392 3145 517 3208 ponere.
899 3154 902 3159 >

248 3213 396 3272 Auctoree
413 3231 487 3272 vero
505 3229 542 3270 eo
561 3206 653 3272 ducee
677 3207 806 3272 adhibui
827 3230 898 3272 oum
917 3211 994 3271 elice
1009 3210 1186 3290 pleraeque,
1206 3220 1275 3270 tum

163 3289 338 3358 cedrenum
357 3315 394 3356 ae
413 3293 655 3376 Theophanem,
675 3298 762 3358 cuitu
775 3299 891 3358 Graece
901 3292 1040 3357 nondum
1051 3298 1085 3356 in
1097 3293 1177 3354 hanc
1191 3293 1274 3354 diem

163 3383 289 3462 uulgata
303 3400 399 3461 penee
411 3401 469 3444 noe
482 3379 664 3459 habuimue,
687 3393 756 3444 tum
766 3381 1010 3444 Alexandrinum
1024 3379 1195 3442 Chronicon
1209 3383 1274 3442 eive

163 3468 270 3528 llaetm
290 3467 425 3544 Siculos,
447 3486 525 3549 quoe
544 3464 604 3529 hoo
626 3487 707 3530 anno
728 3472 765 3533 Ρ.
778 3467 952 3530 Matthaeus
965 3463 1117 3543 aedem,
1139 3468 1185 3527 vir
1204 3487 1276 3526 eum

162 3554 271 3634 primic
292 3549 442 3628 eruditne,
463 3555 497 3612 iu
516 3553 618 3613 lucem
642 3550 748 3615 edidit.
789 3553 903 3616 horum
922 3554 1097 3615 auctoritate
1117 3552 1189 3612 freti
1210 3573 1274 3612 nou

161 3635 257 3702 modo
279 3637 355 3720 quid
376 3657 560 3722 unoquoque
579 3639 771 3719 imperatorie
783 3660 864 3703 anno
879 3651 1001 3721 geetum
1017 3640 1057 3700 eit
1070 3649 1207 3697 accurate
1223 3637 1274 3698 di·

159 3726 344 3801 eduximue,
364 3725 599 3800 verumetiam,
621 3724 705 3806 quod
725 3735 817 3807 ceput
837 3735 900 3803 eet,
922 3727 1045 3785 cuinam
1060 3734 1141 3784 eeeet
1154 3725 1274 3784 Iuliano

159 3829 243 3872 euno
256 3807 466 3885 tribuendum,
484 3827 546 3891 qun
559 3811 633 3870 anni
646 3809 856 3873 modulatione
867 3811 993 3873 annelee
1005 3812 1102 3872 noetri
1116 3828 1222 3870 omnee
1237 3829 1274 3868 ac

159 3893 375 3976 chronologiae
404 3897 552 3956 nituntur.
604 3911 667 3978 qno
697 3895 824 3977 quidem
847 3917 905 3959 noe
925 3899 1036 3978 partim
1058 3893 1274 3969 indictionum,

158 3998 239 4064 quae
256 3978 316 4042 duo
331 3982 380 4042 illi
395 3982 576 4062 posteriores
591 3979 783 4062 udecribnnt,
804 3991 912 4045 exacte
932 3984 1027 4059 retio,
1047 3983 1160 4061 partim
1175 3999 1276 4040 anno-

159 4085 232 4128 rnm
250 4077 340 4128 notae
354 4067 440 4128 velut
451 4085 547 4128 manu
558 4063 761 4130 deduxerunt.
801 4065 919 4130 eunthi
929 4069 1021 4128 lamae
1034 4068 1169 4147 seneque
1182 4065 1271 4145 cycli,
1288 4067 1311 4122 Ρ
1328 4069 1364 4127 51

159 4169 199 4212 ec
217 4150 399 4233 peechntum
422 4163 455 4214 et
473 4153 619 4214 feriarum
638 4151 874 4216 cheraoteriemi.
916 4172 1047 4236 qnorum
1061 4149 1225 4212 methodue
1238 4161 1275 4210 ut

159 4237 263 4300 facilit
282 4249 347 4317 eet,
373 4238 419 4300 aio
438 4235 649 4300 incredibilem
670 4259 708 4300 ao
730 4261 826 4322 prope
844 4240 1049 4300 necemarium
1064 4234 1158 4296 habet
1172 4255 1274 4313 nuum,

161 4332 199 4386 ut
213 4320 358 4390 hunum
375 4326 599 4388 munimentum
615 4345 652 4388 ec
663 4336 838 4410 temporum
854 4321 956 4410 impu
966 4323 1028 4386 dici
1040 4324 1150 4384 merito
1165 4323 1273 4404 posuit.
