3000 4850
259 315 332 392 108
540 357 545 366 ·
691 317 752 388 DU
777 317 921 388 cinon

254 496 336 545 sunt.
382 479 538 545 deseendit
548 497 658 565 nempe
669 486 708 544 ab
722 485 820 562 altari,
840 485 894 546 nbi
906 501 990 546 sacra
1005 485 1132 568 peragit,
1150 485 1184 546 in
1196 487 1356 569 presbyte-

253 573 343 644 rium,
366 583 401 630 ut
414 573 584 652 principum
601 581 632 628 et
645 569 781 630 fidelium
799 572 964 632 ohlstiones
981 575 1134 652 suscipiat,
1156 575 1206 632 rel
1221 585 1257 633 ut
1272 595 1355 633 corr-

254 659 386 714 mnnicet
398 675 448 714 sos
461 658 514 736 qni
531 658 645 714 suntin
659 657 863 738 presbyterio,
886 677 995 737 nempe
1009 656 1196 735 secerdotes,
1218 660 1353 735 clericos,

253 751 345 823 atque
359 739 434 800 adeo
447 741 593 821 populum
606 742 727 822 ipsum,
758 741 841 824 quod
855 739 965 802 diserte
979 745 1022 806 ibi
1036 741 1154 802 dicitnr.
1195 762 1268 803 nam
1283 746 1355 804 lieet

254 847 295 887 ex
310 828 436 886 coneilio
449 828 598 886 Toletano
614 844 651 887 rr
663 848 771 887 canon.
789 829 829 891 18
853 828 991 888 tuendos
1012 841 1040 888 st
1056 829 1149 888 levite
1169 840 1239 887 onte
1255 829 1355 890 ultore

253 913 484 983 communicent,
504 913 539 970 in
553 911 642 970 ebore
655 913 766 983 clerus,
788 923 871 971 estro
885 912 1008 972 eliorum
1016 913 1165 994 populus,
1180 924 1295 974 certum
1308 926 1355 975 est
1448 929 1452 938 ·

248 995 308 1056 hae
330 1000 363 1056 iu
383 1017 415 1056 re
436 1000 537 1057 varios
558 998 653 1056 fuisse
667 1000 862 1058 eeclesiarum
878 1001 967 1059 ritus:
992 1003 1105 1082 quippe
1123 1001 1198 1058 olim
1219 999 1305 1060 laicis
1323 1009 1354 1060 et

249 1083 372 1141 feminis
388 1079 428 1140 ed
442 1081 725 1142 eommunicendum
739 1094 865 1164 patuere
882 1094 985 1144 ennete
998 1096 1186 1161 sanctorum,
1215 1095 1250 1146 nt
1262 1096 1310 1144 eat
1320 1087 1354 1146 in

251 1169 379 1227 concilio
389 1169 562 1227 Turonensi
577 1187 602 1226 ιι
615 1178 645 1226 et
657 1170 753 1249 Cepit.
769 1169 867 1228 Caroli
875 1171 979 1249 Magni
993 1175 1014 1234 7
1034 1172 1108 1236 203.
1130 1168 1231 1230 redut
1244 1187 1353 1229 rerum

249 1255 358 1327 ietear,
379 1255 482 1312 nescio
495 1270 533 1311 err
548 1251 597 1311 his
611 1255 696 1329 locis,
719 1257 752 1312 in
766 1253 872 1313 ordine
885 1256 1043 1330 Romano,
1072 1256 1256 1313 semturr'um
1267 1253 1354 1314 idem

251 1341 292 1397 sit
307 1341 430 1397 omnino
451 1336 534 1419 qnod
547 1337 777 1419 presbyterium.
822 1337 981 1399 dubitandi
995 1357 1116 1399 oausam
1129 1351 1247 1416 moret,
1268 1337 1352 1421 quud

249 1425 284 1481 in
305 1443 340 1481 eo
360 1423 445 1481 loom
458 1425 637 1502 principum
656 1425 750 1485 inisse
764 1423 887 1484 dieitur:
903 1425 1044 1506 pontisas
1056 1435 1354 1485 autoramentum

250 1507 325 1566 irinc
343 1507 414 1566 inde
434 1507 538 1567 dasem
559 1509 706 1590 laevaque
729 1528 751 1568 a
760 1512 932 1589 pruniuerio
945 1513 1130 1570 notariorum
1142 1509 1292 1570 descendit
1309 1511 1356 1570 usi

250 1595 446 1664 smumrium,
478 1593 563 1674 quod
581 1604 625 1652 est
643 1595 727 1653 locus
741 1597 934 1674 principum,
966 1607 1001 1654 rst
1020 1598 1166 1675 suscipiat
1187 1595 1354 1656 solemnes

251 1699 363 1736 eorum.
409 1689 441 1737 et
455 1680 551 1738 inira:
567 1681 708 1760 pontisas
719 1680 871 1739 descendit
884 1681 930 1740 od
942 1683 1138 1752 senatorium,
1154 1715 1194 1728 -
1213 1693 1242 1740 et
1253 1683 1353 1740 susei-

246 1765 298 1843 pit
316 1762 481 1823 oblationes
495 1767 672 1844 prr‘ncipum
691 1787 749 1844 per
767 1767 886 1824 ordines
908 1787 1046 1825 ormnem.
1091 1765 1243 1848 siquidem
1267 1769 1353 1826 enim

249 1853 434 1908 senatorium
447 1852 531 1910 loona
544 1851 603 1910 init
616 1853 649 1910 in
664 1871 724 1934 qno
738 1853 939 1911 consistebant
950 1855 1100 1932 principes
1116 1871 1170 1911 seu
1184 1863 1351 1930 magnetes,

248 1932 324 1992 dum
337 1953 440 1995 sacrae
450 1939 614 1996 intererant
627 1939 782 2016 liturgiae,
814 1936 897 1996 idem
910 1938 964 1996 iiie
974 1939 1051 1997 forte
1063 1937 1155 2004 iuer-it
1172 1956 1241 1996 eum
1254 1939 1349 2013 solen,

247 2017 287 2079 de
302 2037 362 2100 qua
376 2040 519 2100 agemus,
549 2041 604 2080 seu
622 2025 797 2103 perimente
819 2021 937 2082 editiori
956 2033 1026 2082 ente
1046 2023 1195 2082 cancellos
1209 2023 1349 2098 bematis,

245 2107 290 2164 ite
303 2107 481 2186 appelletur,
502 2105 585 2188 qnod
600 2109 645 2167 ibi
655 2117 805 2167 senatores
818 2127 872 2168 seu
880 2109 1036 2187 principes
1051 2111 1254 2168 consisterent.
1276 2127 1349 2166 nem

244 2190 439 2250 observatum
461 2212 551 2272 supra
571 2189 612 2250 ad
632 2212 733 2253 secros
751 2194 901 2253 cancellos
914 2197 1097 2273 assignatam
1109 2195 1202 2253 inisse
1215 2195 1348 2273 impere-

244 2276 360 2335 toribus
379 2279 412 2334 in
432 2279 559 2336 ecclesie
577 2275 681 2336 sedern
696 2279 734 2337 ab
749 2279 919 2338 Ambrosio.
962 2289 1112 2338 senatores
1123 2288 1225 2338 autem
1240 2279 1349 2358 appel-

243 2361 321 2420 lstos
346 2372 503 2441 magnetes
523 2361 605 2443 epnd
622 2367 781 2443 scriptores
803 2361 987 2424 Christianos
1005 2373 1140 2441 veteres,
1169 2374 1275 2424 notum
1290 2373 1348 2426 est.

243 2445 370 2527 proinde
394 2450 426 2505 in
445 2451 594 2508 senatorio
616 2450 756 2528 pontifex
778 2470 840 2509 non
864 2449 955 2509 ruodo
978 2451 1159 2531 suscipiebat
1179 2450 1348 2511 oblationes

241 2534 429 2611 principum,
461 2532 517 2592 ssd
538 2545 567 2593 et
586 2536 733 2615 populum
749 2533 864 2594 ibidem
885 2538 1134 2595 communicabat.
1176 2534 1259 2595 idern
1271 2534 1348 2595 ordo

242 2619 415 2677 Romanus:
434 2638 503 2677 ntes
515 2630 551 2677 ut
561 2619 700 2700 pontifex
712 2623 839 2701 coeperit
852 2624 1071 2679 communicare
1081 2621 1230 2701 populum
1247 2624 1280 2679 in
1297 2642 1347 2679 rs-

242 2705 360 2761 noterio
375 2712 431 2763 eto.
475 2723 535 2785 qno
548 2714 628 2764 osrte
638 2706 715 2780 loeo,
735 2726 845 2786 nempe
858 2717 927 2765 unte
941 2707 1043 2765 alteris
1055 2708 1213 2779 cancellos,
1235 2708 1346 2765 etium-

135 2794 159 2845 Ρ
173 2791 226 2849 561
243 2807 319 2847 num
332 2791 366 2847 in
380 2786 505 2849 sedibus
519 2794 613 2850 sueris
625 2790 729 2851 fideles
743 2811 860 2851 seersrn
877 2788 1089 2851 eucharistiam
1104 2794 1262 2871 ascipiunt.
1287 2791 1346 2851 de-

240 2876 335 2954 nique
346 2874 566 2954 presbyterium
582 2877 655 2935 aiibi
668 2887 794 2958 usurpet
808 2897 862 2958 pro
876 2878 944 2937 loco
963 2880 996 2935 in
1012 2894 1073 2957 qno
1087 2878 1255 2957 presbyteri
1269 2898 1345 2936 con-

240 2962 366 3033 sistunt3
383 2960 550 3040 presbyteri
562 2964 596 3020 in
603 2962 786 3041 presbyterio
801 2982 901 3021 omnes
908 2973 1089 3042 personent
1100 2962 1251 3021 inclinati.
1294 2964 1344 3023 vi-

241 3044 312 3103 dent
322 3048 417 3124 igitur
428 3048 523 3107 lector
535 3056 636 3106 utrem
651 3044 762 3107 hurum
775 3050 1012 3109 coniecturarum
1028 3048 1144 3128 prebet.
1187 3049 1273 3128 βῆμα
1286 3066 1344 3106 ιιι-

240 3140 306 3189 tem
325 3129 405 3190 huuc
425 3131 509 3191 aedis
528 3150 630 3191 merae
650 3144 768 3213 partem
782 3134 972 3214 appellarunt
984 3142 1101 3193 veteres
1114 3133 1151 3192 ab
1165 3134 1232 3213 ipse
1245 3134 1342 3209 elteri,

241 3219 291 3275 eni
302 3215 335 3275 id
349 3220 480 3277 nominis
491 3216 674 3293 indiderunt,
690 3218 782 3300 quud,
795 3222 884 3279 nteit
897 3220 1066 3279 Germanus
1077 3216 1246 3300 patriarcha
1259 3220 1340 3298 Cpo-

239 3302 369 3377 litanns,
390 3296 506 3384 θρόνος
521 3304 578 3379 sit,
608 3303 642 3367 ir
658 3296 740 3390 pinso
753 3304 773 3368 d
785 3300 992 3385 παμβασιλιύς
1008 3300 1137 3384 Χριστός
1147 3298 1342 3386 προκάθηται

237 3382 315 3467 μετὰ
327 3390 388 3447 seir
405 3381 502 3450 utiensi
516 3382 701 3452 decoriter.
721 3409 795 3450 nsm
807 3401 838 3449 et
851 3392 935 3471 βῆμα
948 3408 1002 3470 pm
1015 3390 1160 3449 tribunali
1170 3408 1232 3448 non
1245 3390 1340 3449 semei

237 3473 377 3551 usurpari
393 3473 587 3532 observarunt
603 3476 661 3532 viri
676 3473 767 3533 docti.
811 3476 893 3534 eliis
911 3472 1069 3555 gradibus,
1091 3476 1200 3556 quibus
1212 3472 1251 3534 ad
1262 3472 1341 3535 iilud

236 3556 424 3633 recenditur,
454 3558 508 3616 elii
521 3556 652 3639 denique
668 3562 706 3618 eb
719 3562 822 3621 ulteris
836 3558 995 3641 gradibus,
1025 3558 1230 3641 quodeditius
1246 3562 1341 3619 tuisse

235 3642 317 3702 intra
330 3642 537 3718 ostendemus,
559 3643 674 3703 dietum
687 3658 819 3706 censent.
861 3664 934 3705 rrern
953 3655 983 3706 et
1004 3644 1103 3717 berra,
1124 3656 1157 3704 ut
1176 3656 1279 3705 suntor
1295 3657 1342 3707 est

235 3730 423 3805 Augustinus
447 3738 549 3787 eontra
570 3732 657 3809 epist.
677 3732 807 3791 Menstis
828 3752 854 3791 o.
876 3736 897 3798 8
918 3742 948 3791 et
969 3742 1072 3791 contre
1090 3732 1234 3791 Faustum
1249 3732 1289 3794 18
1308 3732 1340 3805 4,

235 3812 406 3873 Manichaei
427 3810 511 3872 diem
528 3815 640 3874 festum
660 3828 805 3875 vocarunt
827 3836 887 3901 quo
905 3818 1011 3876 Manes
1027 3818 1221 3891 occisurum,
1257 3816 1340 3896 qnod

235 3902 371 3979 quinque
382 3896 526 3978 gradibus
539 3902 684 3960 instructo
696 3903 850 3977 tribunali,
872 3912 903 3961 et
914 3904 1053 3983 pretiosis
1069 3902 1172 3960 linteis
1184 3901 1340 3977 adornato,

234 3983 324 4042 iilum
339 3986 540 4060 estebrarent3
562 3983 644 4066 quod
663 3986 788 4068 quidem
807 3988 918 4047 testum
939 3986 1105 4047 neotheris
1126 3986 1173 4045 sui
1195 3990 1340 4067 temporis

235 4069 386 4127 stiotisclc
399 4070 585 4149 appellatum
601 4071 695 4132 inisse
715 4074 818 4132 scribit
830 4070 981 4133 Ekbertus
993 4069 1226 4133 Suhonuviensis
1239 4074 1338 4132 Serm.

236 4156 253 4216 1
277 4165 379 4214 eontra
404 4152 559 4215 catharos.
602 4176 672 4215 eum
694 4159 788 4237 igitur
812 4161 974 4239 praecipua
998 4159 1191 4217 reneretione
1212 4156 1339 4218 colende

234 4236 395 4299 hebetetur
408 4259 491 4299 saera
507 4238 582 4301 hese
598 4241 683 4303 sedis
694 4262 781 4324 pers,
808 4246 843 4302 in
855 4264 891 4305 ea
903 4241 1078 4327 exornanda
1093 4244 1262 4324 sumptibus
1275 4262 1338 4302 non

233 4328 368 4406 pepercit
384 4328 584 4389 ieronimus:
613 4338 709 4388 toturn
723 4331 806 4391 enirn
821 4340 946 4411 urgento
958 4326 1097 4390 obduxit.
1140 4333 1339 4412 Anonymust
