3000 4850
249 260 323 333 122
714 255 888 327 PETthl

245 426 332 489 libris
346 426 438 505 longa
458 421 596 487 divertor
615 442 635 485 a
655 420 847 505 Theophane
868 424 1020 485 Diaconua
1041 433 1106 502 αἱς
1134 422 1168 487 iti
1187 422 1270 508 quoti
1287 428 1352 490 alio

245 516 314 575 loco
329 512 590 574 demonstrabitur.

330 596 405 657 ibid.
450 599 546 657 multa
573 606 644 657 eunt
670 592 729 655 heo
752 595 785 653 iu
806 593 1005 675 topographia
1024 614 1183 675 perperam
1205 619 1225 656 a
1243 598 1351 659 Theo-

245 683 346 765 phane
369 682 528 763 deroripta.
577 685 711 763 primmn
730 683 803 741 Atel
826 685 983 761 ingentem
1003 682 1130 741 ssnrirun
1153 687 1258 744 cuerit
1281 706 1351 743 curn

244 772 346 829 Tanai
366 770 487 829 inlaceri
512 778 603 849 atque
624 770 656 827 in
673 764 860 827 Maeotideru
875 766 1050 827 decurrere:
1072 766 1127 828 eed
1143 780 1232 827 antea
1248 790 1351 829 mrem

245 876 264 915 a
279 856 379 917 Tanai
396 852 553 915 diductum
565 850 734 933 Cophinern
747 854 799 911 rel
813 853 912 913 iacere
930 855 980 911 vel
993 853 1132 932 excipere
1147 854 1234 932 (nam
1250 856 1351 913 ombi-

244 962 304 1021 gae
321 938 486 1021 loquitur),
512 950 603 1021 atque
617 941 651 997 in
665 940 826 999 Ponticum
839 958 1004 998 exonerare
1018 958 1104 1014 aere,
1131 938 1171 997 ad
1182 943 1350 1020 Neoropyla

244 1036 276 1085 et
300 1029 401 1107 Κριοῦ
421 1020 598 1108 πρόσωπον.
640 1034 713 1085 aunt
730 1022 808 1083 haec
835 1026 951 1103 aegroti
975 1026 1085 1083 veterio
1108 1028 1236 1085 cornua,
1277 1028 1350 1085 Atel

243 1110 328 1172 idern
341 1120 387 1171 eat
405 1130 474 1170 cum
487 1106 554 1171 Rha
568 1110 735 1170 Sarmatiae
750 1111 900 1169 Asiaticae
914 1111 1030 1187 ingenti
1043 1128 1116 1169 aene
1131 1111 1233 1186 fluvio,
1255 1130 1351 1193 quen

242 1197 325 1259 ΕΜ
345 1197 383 1257 ab
406 1196 516 1257 accolis
534 1196 672 1257 Tartarle
696 1192 850 1277 hodieque
871 1197 1022 1255 comuni
1040 1196 1188 1270 referunt,
1220 1197 1260 1255 ab
1280 1197 1349 1256 aliia

248 1282 357 1364 Volgo.
402 1293 435 1341 at
448 1284 476 1342 ia
491 1301 593 1363 neque
612 1300 683 1339 cum
693 1281 795 1340 Tanai
812 1283 920 1341 mlecet
930 1279 1038 1353 undae,
1058 1300 1160 1361 neque
1172 1282 1206 1341 ia
1219 1284 1351 1341 Maeoti-

246 1366 317 1427 dem
331 1364 386 1427 aed
400 1370 434 1427 in
449 1371 624 1447 Hyrcanum
641 1366 768 1446 pelagus
786 1367 945 1427 evolvitur.
986 1364 1042 1425 aed
1057 1376 1089 1427 et
1103 1368 1217 1427 falum
1228 1368 1351 1427 Tanain

245 1454 285 1513 ab
299 1455 422 1513 ihericie
442 1454 528 1533 Pylio
549 1462 601 1511 aut
613 1452 747 1513 caucam
765 1452 870 1513 fluere.
912 1450 996 1533 quod
1015 1470 1087 1511 vero
1107 1463 1276 1514 mouturam
1296 1450 1349 1511 hic

244 1548 400 1620 procreat,
429 1558 499 1597 cum
514 1537 552 1597 ab
566 1539 664 1598 Atella
683 1546 715 1597 et
727 1538 843 1597 Tanain
862 1535 990 1597 divortio
1005 1536 1117 1597 exinde
1131 1535 1300 1617 Cophlnem
1313 1541 1349 1597 in

245 1628 349 1705 Κριοῦ
362 1616 528 1705 πρόσωπον
540 1620 681 1683 derivati
723 1626 812 1704 quari
825 1621 894 1683 itha
907 1633 991 1683 trane
1002 1624 1123 1683 Tanain
1137 1624 1276 1703 elapsae,
1294 1626 1350 1683 in-

244 1712 380 1771 numeris
397 1709 729 1791 penetratiaarnnibua,
761 1728 798 1767 ao
813 1710 978 1769 Tauricam
988 1706 1225 1785 cherronesum,
1254 1728 1350 1791 qoam

243 1796 306 1855 lata
320 1805 375 1869 eet,
397 1814 536 1855 emenone
548 1796 582 1853 in
593 1796 755 1855 Pontiam
767 1792 914 1854 decom
941 1792 1079 1855 inaudita
1090 1796 1181 1874 plane
1194 1806 1266 1856 eunt
1277 1798 1349 1853 iata.

243 1893 275 1941 at
291 1884 374 1943 enim
387 1878 571 1960 Theophani
585 1877 783 1942 condonanda
795 1900 831 1939 ec
842 1881 940 1959 magia
952 1877 1029 1941 haec
1039 1884 1206 1954 concon,
1223 1879 1308 1961 qnod
1316 1890 1352 1939 aa

242 1968 277 2025 in
289 1964 484 2029 historiarum
497 1966 691 2046 rcriptoribne
706 1966 775 2027 aliia
789 1967 968 2047 plerumque
987 1967 1040 2025 rel
1054 1964 1130 2026 fider
1141 1964 1200 2026 hac
1214 1969 1248 2025 in
1261 1976 1349 2045 parte

240 2054 293 2113 vel
305 2051 463 2131 diligentia
476 2050 640 2113 deriderari
654 2051 762 2112 aoleat.
788 2050 844 2111 eod
855 2070 946 2111 nemo
962 2052 995 2109 in
1008 2050 1068 2111 hoc
1079 2045 1177 2111 tuctu
1187 2050 1350 2111 delinen-

241 2137 283 2198 do
295 2139 478 2199 luculentiae
492 2150 570 2199 errat
585 2156 678 2219 quam
699 2138 753 2219 qui
767 2138 1009 2197 accuratiaeimac
1031 2148 1063 2196 et
1082 2135 1211 2197 habetur
1230 2156 1249 2195 a
1267 2156 1351 2197 non·

240 2225 336 2283 nullia
349 2234 380 2283 et
392 2220 498 2283 heberi
509 2224 606 2283 voluit
618 2225 810 2283 Ammianua
850 2220 904 2283 hio
921 2223 944 2281 l.
964 2226 1008 2287 22
1028 2224 1073 2282 tic
1085 2225 1243 2283 Ponticam
1260 2224 1349 2281 illam

243 2311 399 2387 regionem
418 2310 588 2369 emtione
608 2328 665 2369 cua
680 2306 830 2369 deformat
842 2318 877 2367 ut
890 2307 983 2367 aliam
993 2327 1034 2367 ex
1049 2309 1109 2367 alie
1125 2318 1248 2387 repente
1263 2309 1349 2367 lece-

208 2415 213 2433 ·
241 2397 292 2454 rit.
345 2394 483 2474 inprimit
503 2394 662 2454 Euxinum
683 2396 726 2454 ait
745 2390 881 2475 Scythici
906 2412 993 2454 arcuo
1013 2395 1046 2452 iu
1066 2395 1200 2474 speciem
1217 2396 1350 2474 geminis

240 2480 383 2540 cornibus
400 2481 530 2554 inflecti,
552 2477 636 2560 quod
652 2499 761 2540 verum
776 2490 834 2539 eet.
875 2477 957 2561 quod
977 2490 1079 2538 autem
1098 2491 1235 2540 extrema
1256 2476 1349 2540 haine

240 2585 329 2624 arcuo
345 2563 421 2625 duce
438 2585 504 2625 erac
517 2567 669 2645 Bosporon
681 2566 803 2641 tuerit,
831 2565 1029 2624 (timuerim
1041 2576 1071 2624 et
1083 2564 1267 2639 Thracium,
1288 2563 1349 2624 hoc

240 2650 553 2798 liltltlltllt
565 2648 1348 2818 ‘tioillittiztilislti·tssllitss¹ss

244 2821 299 2881 dir.
344 2823 411 2904 quie
423 2821 500 2882 adeo
516 2821 719 2904 geographiae
732 2820 833 2896 rudia,
856 2823 958 2902 quiin
975 2819 1117 2903 Scythico
1135 2823 1189 2882 illo
1205 2842 1276 2880 arcu
1288 2841 1349 2880 ne·

243 2910 319 2967 aciat
332 2910 418 2968 nervi
434 2910 531 2970 inrtar
543 2911 712 2970 Asiaticum
723 2927 790 2968 eaeo
803 2909 877 2966 litua
890 2927 908 2966 a
920 2910 1054 2987 Boeporc
1069 2907 1108 2965 ad
1121 2906 1251 2967 Colobae
1262 2905 1347 2966 Pha-

242 2995 352 3074 aiuque
370 2993 517 3054 fluviumi
539 3013 575 3054 ac
591 3013 671 3070 curn,
692 3004 727 3054 ut
740 2992 826 3052 idem
837 2993 987 3074 loquitur,
1010 2991 1170 3072 Scythicae
1183 3012 1270 3052 ucria
1284 2996 1347 3050 cir-

242 3079 412 3138 cumductio
430 3081 572 3159 utrinqne
584 3082 731 3140 ἰηινονοιιε
746 3079 864 3158 pondis
882 3091 912 3136 et
924 3078 1044 3157 potnh'a
1061 3077 1201 3138 comthue
1218 3079 1349 3157 effigient

242 3163 336 3224 hama
349 3165 541 3224 decrescentis
554 3167 712 3238 oetendot,
740 3165 927 3224 medietatem
947 3175 1031 3222 recta
1050 3175 1079 3222 et
1092 3165 1224 3224 roomda
1236 3164 1348 3243 roboreto

242 3250 408 3321 divitiano,
430 3253 564 3331 primurn
580 3271 674 3312 cornu
691 3252 729 3310 ab
745 3269 799 3310 ora
811 3247 962 3310 Thraciae
974 3252 1008 3308 io
1021 3253 1122 3329 Koreai
1134 3247 1274 3328 μέτωπον
1290 3248 1349 3307 ‹le-

241 3338 359 3413 ainere‚
396 3336 467 3396 inda
487 3338 611 3416 regulae
629 3339 726 3396 inatar
748 3346 873 3395 extento
895 3333 1076 3395 Cherronesi
1093 3337 1196 3395 littore
1216 3337 1347 3394 alterum

241 3441 335 3480 cornu
348 3423 536 3503 aliquantum
548 3441 639 3503 eupra
646 3423 844 3482 Cintmerium
853 3423 1023 3500 Bosporum
1032 3418 1179 3496 inchoari,
1191 3419 1347 3479 indidem-

242 3527 302 3586 que
317 3509 421 3586 procul
435 3507 474 3568 ad
490 3507 618 3568 Colchos
632 3519 662 3568 et
680 3505 794 3567 Pharin
807 3525 904 3588 unque
916 3509 1040 3587 porrigi,
1062 3505 1247 3566 Maeotidem
1257 3526 1346 3584 porro

239 3595 363 3652 Euxiuo
375 3596 472 3654 Ponto
486 3613 608 3674 prorant
620 3593 661 3653 ad
671 3596 906 3674 septentrionem
918 3590 1114 3652 incumbere'l
1150 3611 1229 3673 quae
1244 3593 1346 3650 omnia

240 3687 400 3757 poetartun
411 3680 652 3759 elegantissimus
667 3681 831 3758 Dionysius
854 3676 874 3742 o‘
892 3673 1075 3759 morereris
1093 3681 1193 3736 eureio
1210 3677 1348 3736 reraibua

150 3777 173 3830 Ρ
190 3777 225 3832 77
243 3765 363 3822 cecinit.
406 3766 523 3846 reliqua
548 3764 630 3846 apud
651 3763 784 3826 eamdem
796 3766 993 3824 Ammiauum
1010 3783 1073 3822 non
1088 3765 1190 3822 rninur
1207 3761 1346 3836 ridicula,

242 3848 326 3908 velut
339 3869 409 3908 cum
424 3869 443 3908 a
454 3853 595 3912 Cerambi
607 3853 811 3932 promontorio
824 3853 1008 3910 maritimam
1021 3868 1123 3920 orem,
1150 3852 1236 3906 cuiue
1251 3847 1348 3926 llclya

241 3937 365 3994 initium
379 3947 433 4011 eet,
455 3939 540 3996 nervi
554 3941 688 4019 speciem
701 3935 847 3996 exhibere
861 3934 934 3994 dicit
949 3934 1067 3994 duabus
1081 3953 1168 3992 uena
1184 3936 1347 3994 atrmmita-

242 4021 323 4080 tibua
343 4023 502 4102 implicati.
544 4026 629 4104 atqui
651 4025 740 4102 longe
762 4032 832 4081 ante
845 4022 1007 4082 Carambin
1024 4021 1078 4078 ille
1098 4039 1208 4078 nemus
1227 4021 1346 4098 incipit,

240 4125 342 4188 neque
359 4109 455 4190 llalya
467 4108 578 4169 fluviae
592 4111 622 4170 ei
635 4109 841 4190 promontorio
858 4106 935 4167 adeo
949 4108 1065 4166 vicione
1079 4116 1136 4166 eet.
1177 4106 1265 4164 mitto
1285 4105 1346 4161 elia

241 4211 394 4274 peraeque
406 4195 536 4270 wione,
566 4197 690 4278 quaein
708 4191 769 4254 hac
781 4196 873 4254 Ponti
886 4204 918 4252 et
930 4195 963 4252 in
976 4195 1109 4274 Aegypti
1126 4185 1345 4268 chorographia

242 4290 273 4338 et
285 4281 316 4339 in
329 4281 397 4344 aliia
408 4281 503 4343 ferme
515 4281 656 4344 omnbus
667 4282 854 4343 committere
863 4281 952 4343 colet.
974 4288 1063 4362 atque
1077 4288 1112 4339 ut
1124 4296 1165 4336 ex
1177 4272 1346 4356 Theopha-
