3000 4850
572 302 873 421 emmeno'
982 328 986 336 '
1170 342 1313 425 ω’
1391 361 1407 389 ι

17 494 18 519 ¹
141 519 286 591 διακόνου
301 520 353 587 aab
367 514 597 599 oneuoodiuxoe
608 522 664 601 τῆς
674 515 806 604 μεγάλης
816 516 977 600 ἐκκλησίας
988 522 1047 585 rori
1057 518 1190 606 iiwidou
1203 520 1248 599 εἷς

141 626 197 711 τήν
212 622 418 709 Ἑξαήμιρον,
447 622 481 680 io
497 622 719 681 Hexai'meron.
740 622 992 702 Epigrammata,
1012 624 1191 697 Heraeum,
1212 626 1250 684 dr

143 734 275 793 versitate
287 733 381 802 vitoe,
403 738 508 787 contro
523 726 680 799 Severum,
702 726 739 785 de
751 724 935 804 expediubne
945 727 1100 800 Heruclir',
1121 729 1159 787 de
1172 728 1250 789 bello

143 834 292 905 Ahar-ico,
314 834 349 891 ἰιι
364 830 579 891 Amineum.
627 838 796 911 sequuntur
809 827 955 908 anonymi
967 812 1063 889 iambi
1078 832 1111 889 in
1128 832 1162 917 β.
1180 833 1250 889 bia-

144 942 218 997 n‘am
231 937 466 1016 Aegyptiarum,
489 953 524 991 ao
538 931 648 991 deiude
662 932 794 1011 plurima
806 928 915 989 Philae
929 935 1072 993 earmina.
1114 938 1250 995 ueobie-
1317 938 1321 947 '

143 1048 308 1101 :aimeron
327 1058 384 1097 neo
407 1040 583 1119 pobmution
604 1032 642 1095 de
664 1037 796 1095 vanitate
815 1036 895 1094 vitoe
914 1033 1025 1094 exinde
1046 1037 1171 1116 colliges
1184 1056 1251 1098 erra

143 1146 302 1204 mutilum:
324 1161 431 1202 omnes
443 1142 525 1199 enim
537 1158 640 1199 versus
656 1137 815 1218 utrobique
828 1139 886 1197 ribi
900 1137 1065 1199 rnooedunt
1077 1159 1132 1200 ruo
1143 1138 1250 1199 ordine

146 1249 313 1321 ooniuuoti3
334 1246 419 1303 nulla
441 1246 532 1303 litura
554 1252 677 1323 apparet
697 1243 730 1301 in
750 1240 874 1317 medio,
894 1260 993 1323 neque
1014 1244 1049 1301 in
1068 1242 1144 1318 fine,
1166 1238 1250 1324 quod

146 1328 256 1431 apponi
274 1350 351 1409 solet
365 1366 435 1405 oum
450 1344 566 1427 aliquid
578 1343 780 1420 desideratur,
798 1344 892 1407 λείπει
903 1340 996 1407 τᾶλλα
1008 1345 1136 1425 legitur,
1157 1355 1192 1405 ut
1205 1355 1252 1405 ert

146 1454 177 1513 iu
194 1454 343 1512 Morellio.
387 1452 421 1507 iu
436 1450 574 1528 margine
591 1459 662 1507 eunt
678 1449 761 1507 utun
775 1468 816 1507 ex
827 1448 923 1505 minio
938 1466 1038 1506 rerum
1053 1450 1153 1527 capita
1167 1445 1251 1507 iudi·
1298 1464 1303 1475 ·

147 1566 257 1631 oautee,
274 1554 380 1635 quales
392 1550 475 1611 idem
485 1552 642 1609 Morelliua
657 1548 796 1609 exhibuit
808 1554 842 1610 in
856 1570 911 1611 aua
926 1549 1058 1610 editione
1074 1552 1249 1640 Puriuienei

147 1656 260 1733 oodex,
281 1668 316 1716 ut
337 1653 473 1731 videtur,
499 1675 515 1712 e
536 1656 785 1713 Columueusium
801 1653 891 1713 domo
905 1650 945 1712 ad
956 1652 1173 1714 bibliothecam
1187 1656 1251 1716 Vu-

145 1764 276 1820 tioanam
294 1760 449 1819 transivit:
471 1755 563 1816 habet
583 1760 665 1815 euim
684 1760 718 1816 in
736 1759 885 1838 principio
899 1754 976 1815 haee
991 1756 1099 1832 verba,
1124 1756 1181 1815 boo
1195 1776 1251 1816 vo-

147 1862 248 1921 lumen
269 1874 312 1921 ert
329 1864 389 1927 mei
405 1860 532 1919 Niooloi
545 1860 774 1919 Bartholomoei
786 1860 824 1919 de
843 1859 1008 1919 Columnis.
1054 1862 1176 1939 quintus
1196 1878 1249 1917 co·

147 1964 208 2025 dex
218 1968 287 2026 Vnt.
303 1974 349 2023 est
365 1968 457 2040 1261,
476 1964 685 2043 bombycinus,
699 1975 785 2023 extra
800 1973 830 2022 et
841 1965 923 2021 intur
934 1942 1108 2041 praeferens
1122 1971 1252 2019 stemma

147 2066 254 2127 domna
268 2066 414 2125 Caraffae.
445 2069 589 2148 inprime
603 2070 714 2147 pagina
729 2068 842 2146 legitur
852 2065 986 2123 Antonii
999 2063 1090 2122 Cord.
1111 2062 1253 2142 Coroffae

147 2169 367 2233 bibliothecarii
382 2190 494 2229 mrmua
507 2190 542 2229 ex
556 2180 739 2229 testamento.
784 2172 921 2250 requitur
935 2167 987 2227 hio
1000 2166 1125 2226 titulus:
1147 2170 1203 2229 τοῦ
1218 2164 1253 2229 ἒν

146 2270 245 2357 ἆγίοις
265 2270 358 2352 ἡμῶν
380 2274 535 2355 Κυρίλλου
556 2270 742 2357 πατριάρχου
759 2266 972 2354 Ἀλεξανὸρίας
986 2266 1056 2352 περὶ
1073 2264 1159 2345 ζώων
1175 2262 1254 2333 iori-

146 2397 234 2456 τητος
247 2372 301 2438 καὶ
316 2381 424 2456 φυτῶν
438 2372 489 2441 brai
506 2376 615 2458 στίχων
629 2374 798 2458 ἰαμβικσῖν,
820 2368 896 2458 πρὸς
916 2369 975 2438 τὸν·
985 2376 1041 2456 τῆς
1057 2376 1253 2439 Revrtam-

147 2472 320 2552 rovro'irue
345 2474 534 2562 πατριάρχηιι
556 2475 666 2563 κύριον
688 2478 827 2564 Σὲργισν.
870 2474 926 2537 aed
941 2497 959 2536 a
973 2496 1067 2536 manu
1085 2479 1254 2555 recentiori,

148 2600 225 2662 quae
244 2579 366 2641 videtur
386 2603 451 2642 esee
474 2584 598 2658 Alieni,
619 2581 735 2642 ibidem
754 2593 833 2642 recte
849 2592 895 2641 eat
907 2580 1084 2641 adnotatum
1099 2581 1254 2664 Γεωργίσν

147 2688 204 2748 roei
221 2683 364 2749 Πισίδσυ.
407 2697 476 2765 poet
497 2705 620 2746 veroum
643 2690 701 2754 80:
725 2690 831 2769 σιγῶσι
851 2680 1003 2766 Πρόιλσι,
1026 2685 1151 2764 legitur,
1174 2675 1253 2768 ἆρχῆ
1302 2698 1306 2719 ¹

148 2782 205 2850 oria
218 2792 286 2871 θεῷ
300 2792 357 2852 τοῦ
364 2831 373 2864 ,
396 2786 438 2863 ὥς
452 2783 645 2872 terrarium
656 2783 695 2849 roi
710 2785 780 2870 ἔργα
792 2805 848 2852 σου
860 2783 956 2868 κύριε.
998 2783 1099 2851 πάντα
1113 2787 1147 2852 ἒν
1159 2788 1256 2873 σοφίᾳ

149 2887 308 2970 ἰποίησσις,
331 2911 348 2949 a
363 2892 472 2971 quibua
487 2892 604 2967 verbis,
627 2891 653 2949 ai
668 2899 753 2949 tanta
765 2902 844 2950 erret
857 2889 967 2950 oodioir
980 2893 1157 2965 auotoritas,
1177 2888 1254 2948 haec

152 2987 207 3050 duo
232 2992 319 3051 firma
342 2991 541 3070 haberentur,
575 3005 608 3058 et,
630 2991 711 3075 quod
735 2995 776 3054 ait
791 2993 980 3056 hexaemeri
1002 2995 1200 3073 principium,
1223 3001 1254 3050 et

151 3113 242 3174 quem
253 3095 311 3154 eibi
326 3093 434 3156 ducem
445 3098 477 3155 iu
491 3117 526 3156 eo
541 3095 698 3156 scribendo
712 3097 821 3176 legerit
831 3095 945 3155 Pisida.
976 3115 1082 3154 verum
1095 3095 1146 3154 hio
1160 3095 1252 3174 plane

152 3208 197 3256 eat
212 3197 265 3256 ille
281 3196 395 3274 oodex,
418 3201 502 3259 ouius
524 3197 688 3282 epigraphe
710 3197 853 3280 deeeptus
874 3202 1076 3279 Hieronymus
1090 3197 1252 3258 Brunellur

150 3303 362 3359 Hexaimeron
373 3301 494 3361 Pisidae
509 3301 605 3362 edidit
616 3307 730 3362 Romae
745 3323 824 3362 anuo
839 3301 921 3368 1590
932 3303 988 3362 aub
1000 3305 1124 3362 nomine
1133 3301 1250 3384 cyrilli,

147 3413 180 3461 ut
201 3423 292 3482 rnpra
313 3401 427 3464 dieuun
448 3415 511 3465 eet:
533 3409 635 3466 omnia
653 3409 736 3466 euim
750 3404 934 3486 respondent
947 3403 1161 3482 adamussim,
1182 3425 1252 3465 oum
1376 3411 1382 3420 ’

148 3505 251 3564 titulus
268 3515 335 3564 ium
357 3509 527 3568 iamborum
542 3529 702 3586 numeror,
726 3512 780 3591 qui
795 3521 865 3572 umt
883 3508 976 3576 1864.
1020 3521 1154 3571 ceterum
1171 3519 1252 3569 totur

149 3619 303 3688 corruptus
319 3621 364 3670 est
376 3622 407 3670 et
419 3632 541 3692 prorsus
555 3611 784 3688 inemendatus,
806 3633 981 3696 quenquam
992 3634 1055 3675 non
1065 3615 1255 3693 ineleganter

149 3713 275 3792 scriptur
291 3713 377 3773 initio
392 3716 505 3774 saeculi
520 3714 570 3779 15.
613 3719 645 3775 in
656 3719 793 3796 margine
807 3713 847 3774 ad
863 3737 985 3777 veroum
1000 3716 1063 3783 474
1077 3714 1254 3778 huiuamodi

149 3826 192 3874 eet
204 3817 361 3896 inscriptio
373 3817 441 3901 περὶ
456 3821 512 3899 τῆς
528 3821 612 3900 ἱερᾶς
625 3813 720 3884 νόσου
736 3820 773 3880 de
785 3841 871 3880 auaro
886 3819 1003 3892 morbo,
1016 3840 1110 3902 quam
1122 3824 1155 3880 iu
1168 3820 1254 3879 nullo

149 3917 206 3978 aiio
221 3917 324 3978 codiee
339 3923 447 4001 reperi.
485 3921 540 3982 sed
551 3933 583 3982 et
594 3925 749 3984 Morelliur
764 3922 894 3983 eandem
907 3926 1041 4004 glossam
1053 3925 1255 4004 marginalem

150 4024 303 4102 apposuit,
335 4027 419 4084 ouius
441 4026 504 4084 vim
526 4027 617 4105 plane
639 4047 702 4086 nou
726 4046 886 4109 assequor,
914 4048 972 4086 neo
991 4037 1080 4088 antea
1101 4034 1254 4086 aareoutur

149 4123 205 4182 fuit
227 4123 326 4185 editor
346 4125 548 4188 bibliothecae
567 4133 692 4190 Petrum
711 4133 808 4190 Perir.
828 4131 920 4196 1689.
963 4133 1007 4189 ait
1026 4131 1123 4205 enim,
1145 4129 1254 4186 breui·

142 4229 279 4304 ptienem
301 4230 338 4288 da
354 4229 456 4290 ιηονὸο
480 4253 566 4292 auore
589 4253 649 4292 non
670 4235 777 4313 cupio:
807 4233 914 4292 malim
934 4233 972 4292 dr
992 4227 1205 4290 ommutui
1225 4239 1256 4286 et

140 4333 291 4406 praemiis
321 4345 488 4414 merbrum
525 4335 647 4397 Christi.
692 4334 749 4398 hor
777 4339 912 4419 quinque
939 4333 1058 4396 oodioea
1081 4333 1252 4410 Vatioauor,

873 4535 882 4574 1
