3000 4850
267 309 318 383 66
706 307 770 374 DU
795 304 937 375 crocu

266 473 432 548 cntionem,
455 472 623 554 quaefacta
638 481 683 556 est
693 476 736 540 26
750 474 926 534 Decembris
939 493 1019 534 anno
1034 470 1105 534 chr.
1116 474 1197 550 687,
1216 484 1286 554 post
1300 494 1380 534 con-

268 561 402 620 sulatum
417 559 557 618 Belisarii
571 578 613 633 u,
635 561 794 619 Iustiniani
803 580 858 636 τι,
877 559 941 620 ind.
957 560 1016 634 15,
1037 562 1186 619 intersunt
1200 569 1244 618 tot
1256 564 1332 618 anni
1346 573 1379 620 et

268 645 335 712 dics
349 655 423 726 quot
437 641 653 723 aTheophanc
666 654 698 703 et
711 643 847 706 cedreno
861 655 1082 725 computantur.
1126 643 1206 704 unde
1220 643 1379 706 evidenter
1484 678 1485 683 1

266 741 351 813 patet
366 747 487 809 prorsus
503 726 682 788 hallucinari
696 731 860 790 Graeculos
873 741 905 790 et
917 734 1077 810 scriptores
1091 731 1208 810 aliquot
1221 732 1378 790 inferioris
1484 782 1485 817 η

267 820 352 890 oevi,
375 817 428 898 qui
449 815 599 892 templum
618 813 809 894 Sophiennnr
830 819 909 875 intra
922 820 962 880 17
977 835 1072 876 annos
1089 817 1261 876 confectum
1276 815 1378 876 tradi-
1484 830 1485 883 ξ

268 901 355 978 dere,
377 903 422 960 uti
436 918 471 957 eo
483 902 595 978 pariter
606 901 673 960 loco
688 898 857 962 docuimus.

352 985 383 1052 6.
425 987 579 1044 Encaenia
589 1004 679 1064 porro
695 986 727 1046 S.
738 985 871 1066 Sophiae
884 1005 921 1046 eo
934 1004 994 1066 qno
1008 982 1143 1045 diximus
1160 983 1209 1045 die
1222 985 1378 1046 celebrate

266 1071 370 1132 scribit
398 1071 591 1128 Marcellinus
616 1073 724 1130 Comes
748 1069 940 1130 adeundam
966 1089 1094 1129 annurn:
1127 1070 1251 1130 erclearo
1275 1075 1378 1130 πιαίοι·

270 1155 359 1235 epoti
376 1153 417 1213 ab
433 1158 610 1233 imperatore
629 1155 800 1216 Iustim'ano
817 1156 1014 1236 singulariter
1026 1159 1060 1214 in
1073 1157 1187 1215 mundo
1200 1168 1378 1216 commenta
1484 1162 1485 1171 ’

265 1243 424 1301 dedicatur
446 1241 495 1298 dic
515 1245 534 1304 6
554 1239 617 1298 tat.
643 1241 818 1300 Ianuarias.
864 1240 1089 1321 Theophanes:
1121 1237 1219 1324 τούτῳ
1246 1247 1290 1327 τῷ
1314 1241 1377 1306 ἔτει
1484 1316 1485 1327 ¹

266 1325 343 1410 μηνί
360 1325 533 1407 Δεκεμβρίῳ
549 1321 595 1399 κζ’
609 1325 800 1400 ίνιίικτιιῖνος
817 1321 939 1407 πράτης
952 1327 1059 1409 γέγονε
1072 1321 1110 1389 τά
1125 1321 1255 1407 πρότεροι
1270 1326 1378 1408 treet-

266 1435 320 1474 νια
339 1415 393 1489 τῆς
413 1405 542 1490 μεγάλης
560 1409 732 1491 ἐκκλησίας·
762 1410 815 1474 κοιλ
837 1412 967 1492 ἐξῆλθεν
986 1410 1009 1490 τί
1030 1408 1098 1492 isra*
1122 1405 1184 1475 άπά
1206 1417 1262 1491 τῆς
1284 1410 1377 1495 eyter

265 1489 476 1569 Ἅναστοισίας,
497 1493 676 1576 καθημένου
702 1501 802 1577 Μηνᾶ
823 1501 881 1560 τοῦ
900 1491 1085 1577 πατριάρχου
1108 1495 1142 1559 έν
1163 1501 1207 1583 τῷ
1227 1499 1377 1582 βασιλικῷ
1452 1567 1456 1574 Ι

267 1574 413 1662 ὀχήματι,
441 1577 493 1641 καί
517 1583 573 1641 τοῦ
598 1578 742 1661 βασιλέως
770 1578 994 1655 συλλιτεάανιος
1018 1586 1062 1666 τῷ
1086 1585 1156 1667 λαῷ.
1199 1584 1376 1662 exquibus

266 1662 474 1726 emendandus
494 1663 614 1724 videtur
636 1665 785 1740 Codinus,
820 1670 873 1748 qui
897 1678 1053 1747 peractum
1071 1687 1148 1747 opns
1171 1671 1213 1730 22
1235 1667 1377 1727 eiusdem

265 1754 379 1810 mensis
400 1751 510 1825 refert,
538 1753 598 1810 nisi
616 1752 695 1810 iuter
713 1753 883 1811 confectum
902 1754 1051 1831 templum
1074 1763 1105 1810 et
1123 1753 1207 1810 illius
1227 1754 1376 1812 encoenia

263 1837 436 1896 interfuisse
452 1845 592 1916 quattuor
608 1834 673 1896 dies
689 1839 829 1908 voluerit.
873 1835 1070 1896 dedicationis
1085 1848 1262 1917 apparatum
1276 1849 1306 1896 et
1319 1859 1375 1896 ce-

263 1923 434 1982 lebritatem
453 1921 590 1999 pluribus
610 1934 847 1983 commemorant
868 1923 952 1982 idem
974 1922 1107 1983 Codinus
1132 1934 1162 1981 et
1181 1925 1374 2003 Anonyrnus,

264 2010 319 2088 qui
332 2004 453 2064 tradunt
467 2008 668 2066 lastinianum
684 2010 804 2068 solenni
814 2029 956 2088 pompae
971 2010 1084 2088 palatio
1099 2028 1153 2087 per
1163 2011 1376 2087 Augustacutn

264 2113 325 2152 uua
341 2111 410 2150 cum
426 2089 593 2169 patriarcha
608 2095 641 2150 iu
660 2095 818 2152 ecclesiam
834 2113 851 2152 n
866 2115 899 2154 se
913 2105 1098 2152 exstnrctam
1112 2097 1300 2172 pervenisse,
1322 2104 1374 2152 nt-

263 2195 324 2260 qne
341 2179 375 2236 in
389 2174 465 2234 haec
477 2177 570 2234 verba
581 2181 774 2257 prorupisse,
797 2175 941 2258 νενίκηκά
957 2197 990 2242 σε
1003 2174 1165 2259 Σολομιάν.

349 2266 380 2326 6.
422 2263 464 2318 At
479 2280 548 2318 cum
560 2280 622 2319 non
635 2265 731 2322 inuito
746 2273 816 2342 post
828 2265 998 2322 coniectum
1010 2284 1085 2343 opus
1100 2263 1183 2322 sedis
1197 2261 1373 2342 Sophianae

263 2347 356 2406 trulla
375 2343 569 2419 concidisset,
591 2346 670 2405 facta
689 2367 811 2406 rursum
825 2368 904 2407 nove
920 2353 1074 2408 encaenia.
1118 2347 1246 2409 concidit
1268 2360 1373 2408 antem

263 2452 335 2513 pers
362 2431 516 2491 orientalis
546 2427 671 2507 trhliec,
705 2454 746 2492 ex
768 2437 917 2495 continuis
941 2437 1191 2496 terraemotibus
1216 2447 1371 2515 perrupto,

263 2536 292 2577 a.
306 2522 347 2581 32
360 2518 534 2591 Iustiniani,
556 2536 676 2598 unaque
692 2528 722 2577 et
734 2538 850 2578 sacram
865 2541 1004 2580 mensam
1015 2532 1046 2579 ct
1061 2523 1206 2581 ciborium
1220 2531 1250 2579 ct
1263 2522 1371 2579 ambo-

261 2621 335 2661 nem
357 2602 506 2661 contrivit.
549 2599 605 2660 sed
624 2622 693 2661 cum
713 2623 781 2663 eam
802 2609 905 2666 statim
920 2604 958 2665 de
971 2627 1050 2665 novo
1064 2610 1259 2666 instaurasset
1277 2608 1372 2664 Insti-

261 2688 386 2760 nianus,
408 2686 592 2765 trullamque
614 2689 705 2767 longe
727 2708 818 2769 quem
838 2702 927 2751 entes
945 2691 1103 2752 editiorem
1120 2691 1292 2766 eduxisset,
1314 2711 1370 2749 ae-

263 2770 335 2831 dem
353 2775 462 2831 iterum
477 2772 514 2828 ab
532 2770 682 2851 Eutychio
698 2774 866 2853 patriarcha
882 2775 1014 2835 dedicari
1033 2779 1166 2850 curavit,
1188 2787 1221 2835 ut
1241 2779 1284 2834 cit
1305 2779 1370 2834 Zo-

261 2876 370 2933 naras,
391 2854 443 2918 καί
460 2862 697 2939 καθιερωθῆναι
711 2857 794 2942 παρά
809 2855 963 2941 Εὐτυχίαν
978 2865 1033 2925 τοῦ
1044 2857 1231 2942 πατριάρχου
1246 2856 1279 2925 τά
1298 2854 1371 2923 (λεά-

261 2965 359 3025 ςεραν.
401 2942 481 2999 fecta
494 2952 597 3000 eutem
609 2946 666 3003 ista
679 2948 821 3004 encaeniu
833 2966 913 3005 auno
926 2957 994 3025 post
1005 2949 1114 3006 trullae
1128 2966 1232 3006 casum
1244 2948 1369 3028 quinto:

261 3048 299 3088 eo
312 3031 395 3087 enirn
409 3026 559 3087 referendi
573 3048 678 3088 versus
694 3032 784 3089 Pauli
797 3032 962 3091 Silentiarii
973 3044 1051 3111 part.
1068 3038 1083 3095 1
1100 3053 1129 3092 v.
1142 3036 1203 3096 87:

428 3110 524 3194 δάκρυ
541 3110 574 3175 di
587 3114 789 3196 πενταέτηρον
804 3111 1021 3197 άποψήσαντες
1035 3111 1174 3196 ὀπωπῆς,

426 3195 582 3277 μέλψομεν
599 3192 750 3280 εάφήμοις
765 3198 826 3265 siud
843 3205 970 3280 χείλεσιν
988 3198 1120 3275 είίποίας
1133 3198 1260 3281 ὕμνους.

261 3278 344 3340 diem
357 3291 387 3339 et
404 3300 520 3341 euuum
533 3282 700 3343 distinctius
713 3297 838 3345 cunctat
851 3285 1020 3347 chronicon
1035 3286 1292 3362 Alexandrinum,
1314 3290 1369 3345 In-

259 3367 383 3425 stiuicui
407 3369 521 3425 scilicet
541 3388 569 3425 n.
588 3372 645 3443 86,
667 3368 772 3429 indict.
791 3374 847 3446 12,
869 3373 1028 3431 Decembr.
1044 3372 1102 3438 24:
1123 3369 1222 3456 τούτῳ
1243 3378 1287 3455 τῷ
1309 3372 1370 3435 έιει

258 3444 302 3523 λς’
323 3456 378 3530 τῆς
400 3444 613 3514 Ἰουστινιανοῦ
630 3456 799 3534 βασιλείας,
830 3456 904 3536 μηνὶ
923 3453 1084 3541 Ἀπελλέμ,
1106 3455 1183 3521 κατά
1204 3457 1370 3538 Ῥωμαίους

258 3536 453 3617 Δεκεμβρίῳ,
474 3531 521 3599 κδ’
537 3535 636 3623 η’μέρηι
649 3535 770 3626 κράτη,
791 3545 846 3621 τῆς
860 3536 900 3623 ιβ
915 3544 1121 3619 ίνίικτιοῖνος,
1143 3541 1167 3623 n‘
1186 3547 1249 3605 ταῖν
1265 3543 1369 3625 irnes-

258 3620 335 3685 νίων
351 3625 406 3701 τῆς
420 3617 509 3701 eyter
523 3626 579 3684 sori
591 3628 672 3686 θεοῦ
688 3621 820 3707 μεγάλης
838 3626 997 3707 ίιικλησίας
1010 3632 1077 3689 ΚΠ
1086 3624 1119 3689 τὸ
1131 3623 1273 3707 δεύτερον
1287 3622 1370 3691 άπε-

257 3705 384 3785 τελέσθη
401 3701 499 3787 ἑορτή.
545 3706 593 3765 dic
616 3712 708 3768 etism
726 3714 782 3791 qui
799 3708 911 3771 Christi
927 3715 1075 3772 Natalicia
1091 3712 1260 3793 praecedit,
1283 3715 1368 3773 cels·

254 3790 342 3851 breta
358 3810 394 3850 ca
410 3794 554 3851 encaenia
571 3796 670 3853 innuit
686 3792 771 3855 idem
785 3798 974 3859 silentiarius
989 3810 1067 3879 part.
1084 3804 1099 3861 1
1118 3818 1149 3859 τ.
1163 3800 1244 3865 196:

148 3893 170 3947 p
188 3891 241 3947 529
424 3874 552 3957 έπρεπεν
565 3878 663 3960 ἑξείης
678 3877 753 3960 μετά
766 3882 913 3949 θέσκελον
926 3876 1010 3966 ἦμαρ
1024 3884 1121 3947 έκεῖνο

423 3958 570 4039 ζυοιβιιου
586 3968 728 4046 Χρισιοῖο
741 3967 900 4048 γενέθλιον
914 3960 998 4051 ἦμαρ
1014 3970 1145 4033 ἱκέσθαι.

256 4042 426 4124 exquibus
448 4048 655 4110 emendandus
676 4049 775 4112 codex
795 4050 993 4135 Theophanis
1015 4054 1130 4129 editus,
1159 4056 1215 4136 qui
1235 4058 1278 4119 20
1301 4054 1368 4111 De-

255 4130 385 4213 cembris
408 4129 457 4191 die
475 4147 595 4213 peracte
618 4140 762 4196 encaenia
782 4136 885 4199 habet.
934 4138 1046 4201 horum
1066 4160 1138 4200 vero
1161 4142 1367 4199 ceremoniam
1410 4195 1413 4203 .

254 4217 298 4274 sic
315 4214 457 4277 describit
473 4218 555 4279 idern
569 4218 793 4301 Theophanes:
815 4222 839 4306 ἤ
857 4222 890 4289 δέ
905 4230 1052 4305 πανννηίς
1066 4230 1128 4288 τοῖν
1145 4221 1248 4288 αὐτοῖν
1263 4223 1366 4329 ἕηκεν

253 4302 331 4365 νίοιν
344 4300 466 4386 γέγονεν
484 4305 526 4381 είς
543 4300 596 4371 τάν
613 4300 702 4392 άγιον
717 4306 882 4390 Πλάτωνα,
904 4310 956 4377 καί
974 4311 1103 4395 ἐξῆλθεν
1122 4309 1243 4377 ίιιεῖθεν
1262 4334 1280 4374 c
1302 4332 1364 4373 πα·
