3000 4850
278 335 329 410 ea
578 387 583 396 .
720 323 952 413 unomen

364 502 396 565 8.
438 500 474 558 ln
495 514 532 555 es
556 503 659 554 sutem
680 487 884 568 aedificanda,
904 489 992 550 nulls
1014 497 1192 570 sumptumn
1214 488 1320 552 babita
1341 510 1395 552 rs-

279 587 381 661 tione‚
417 575 663 668 ἆφροντιστήσας
689 572 852 662 χρημάτων
883 569 1050 652 αίπιίνταν,
1084 578 1185 656 inquit
1213 579 1395 657 Procopius,

279 683 398 732 tsntam
417 670 613 750 pecuniarum
637 667 702 724 vim
724 661 888 745 expendit,
915 671 951 720 ut
971 677 1042 720 cum
1061 663 1101 720 iis
1126 660 1251 722 demum
1278 674 1395 742 egeret,

278 759 400 819 tributis
414 765 444 814 et
458 751 655 831 vectigalibus
670 749 806 810 subditos
821 769 886 809 non
899 750 1019 808 vexarit
1034 745 1143 823 modo,
1163 746 1219 807 sed
1239 747 1396 829 stipendia

279 845 373 902 etism
389 838 608 922 professoribus
624 837 755 916 publicis
771 836 933 896 constituta
947 833 1094 912 praefecti
1105 834 1188 892 urbis
1202 837 1322 894 monitu
1335 854 1395 892 su-

280 929 412 1001 stulerit,
433 937 469 986 ut
486 935 591 984 auctor
612 932 658 981 est
673 924 826 996 Zouams3
848 939 891 979 ex
904 938 966 1000 quo
979 922 1041 981 suis
1053 917 1089 982 ίν
1101 925 1169 993 ταῖς
1181 915 1287 982 πόλεσι
1301 919 1395 981 dsic-

280 1014 428 1078 σκαλείων
444 1003 669 1091 ίσχολανότοιν,
689 1005 861 1086 ignorantis
879 1015 911 1064 et
929 1006 1080 1064 nnticitas
1096 1005 1131 1062 in
1147 1007 1186 1064 iis
1203 1007 1396 1064 successerit.

279 1101 382 1158 nescio
399 1117 438 1156 sn
452 1099 479 1155 is
494 1113 586 1175 quam
601 1091 732 1172 ἔπαρχον
745 1101 834 1152 vocat
846 1088 906 1150 hoc
919 1091 988 1150 loco
1003 1093 1152 1165 Ζοιιαταε,
1176 1091 1215 1149 sit
1234 1091 1287 1148 ille
1303 1091 1398 1150 Stra-

173 1194 265 1254 ?530
280 1187 380 1264 tegius
400 1183 453 1264 qui
469 1177 585 1240 ccdino
603 1188 633 1236 et
644 1179 806 1258 Anonymo
820 1169 921 1254 φύλαξ
931 1179 995 1238 τοῖν
1007 1176 1174 1258 βασιλειῶν
1185 1171 1345 1257 χρημάτων
1362 1185 1396 1233 et

280 1268 441 1331 Iustiniani
459 1265 553 1324 frater
570 1261 744 1342 adoptivus,
768 1256 1024 1340 ἆίελφοποίητος,
1048 1261 1142 1319 fuisse
1160 1271 1191 1320 et
1208 1261 1316 1340 templi
1329 1263 1396 1318 im-

280 1372 391 1436 pensas
414 1352 522 1410 fecisse
546 1346 665 1408 dicitur.
714 1349 748 1407 in
770 1349 854 1406 illius
874 1366 964 1428 porro
987 1347 1191 1426 strictumque
1213 1365 1249 1405 ac
1268 1345 1396 1406 aedium

281 1436 558 1500 circumiacentium
579 1443 777 1508 structuram,
801 1444 922 1512 praeter
940 1451 1026 1492 sacra
1044 1450 1118 1490 rasa
1138 1449 1175 1491 sc
1189 1433 1323 1513 reliquos
1340 1451 1397 1489 cr-

280 1536 388 1599 natus‚
411 1531 441 1580 et
454 1540 532 1602 quas
549 1539 589 1578 ex
603 1520 743 1579 universo
760 1519 834 1578 orbe
847 1518 1013 1576 liberaliter
1027 1527 1148 1596 erogata
1163 1528 1250 1591 sunt,
1273 1537 1395 1596 expen-

281 1629 331 1671 sas
354 1608 487 1686 octogies
509 1615 667 1679 centenas,
693 1624 747 1663 seu
764 1614 799 1663 ut
816 1601 931 1662 babent
946 1603 1023 1660 aliae
1040 1600 1204 1679 editiones,
1225 1613 1273 1661 ter
1290 1603 1395 1662 milies

280 1697 389 1777 bisque
405 1694 516 1752 centies
531 1701 671 1750 centenus
684 1689 794 1765 libras,
815 1686 911 1748 iidem
925 1684 1059 1746 tradunt.

367 1781 399 1842 9.
441 1775 535 1838 Aedis
566 1777 695 1855 parietes
727 1786 759 1834 et
785 1794 922 1835 camerae
951 1775 1042 1832 coctis
1065 1772 1208 1830 lateribus
1230 1774 1396 1831 constructi

282 1875 370 1940 sunt,
405 1864 505 1945 inquit
537 1862 669 1943 Gyllius.
720 1863 766 1920 ita
792 1863 886 1920 etiam
912 1859 1028 1919 Paulus
1052 1858 1242 1918 silentiarius
1265 1859 1396 1938 part-2

281 1970 314 2012 v.
333 1951 395 2017 68:

448 2026 543 2112 μίσσα
559 2025 616 2112 μὲν
633 2051 722 2093 αα...
744 2022 804 2092 ὅσα
816 2020 946 2092 τιν’τλιον
963 2023 1078 2109 ἄντυγα
1094 2020 1205 2107 τείχει,

293 2200 364 2262 dm
420 2109 606 2266 σξπταλίαις
622 2115 801 2181 πλίνθοισιν
815 2107 948 2197 ἆοηρότα
962 2105 1077 2194 defosso
1089 2111 1191 2193 τέχνη.

280 2202 293 2264 i
377 2219 408 2262 v.
471 2218 481 2260 r

450 2359 558 2450 ιίνίρες
570 2357 755 2447 εείτίχνυισιν
764 2282 1174 2449 ibbdgaefbmg‘tdddiodc,

447 2454 591 2527 πλίνθοις
605 2446 798 2517 ι’πταλίοιοιυ
812 2448 1017 2535 τίνεστήσανιο
1031 2454 1172 2527 δεθείσας
1184 2460 1243 2511 ets·

281 2534 591 2618 stagninarum:
609 2532 708 2620 ἤρεψε
727 2536 762 2602 δὲ
778 2532 872 2603 αίτόυ
893 2543 906 2617 (
914 2534 967 2602 τείν
983 2536 1080 2617 ναόν)
1102 2538 1136 2603 lx
1149 2538 1284 2601 πλίνθου
1297 2528 1396 2615 ίπττῖς

280 2623 335 2688 καί
355 2615 496 2697 τιτοίνου,
517 2627 671 2702 πολλαχοῦ
687 2622 741 2687 καί
759 2619 876 2709 σιδήρῳ
898 2618 1062 2704 συνδήσας.
1100 2626 1253 2702 paritum
1270 2622 1396 2679 ιἰιιεήοι

276 2728 368 2790 pars,
389 2706 491 2767 subdit
501 2706 585 2768 idem
600 2710 730 2789 Gyllius,
749 2712 858 2768 enectae
872 2712 1046 2768 marmoreis
1059 2712 1167 2768 vestita
1181 2706 1395 2767 excellentibus

281 2805 311 2853 ει
330 2794 424 2853 carisi
436 2792 600 2873 fulgrcrat,
621 2804 650 2851 et
666 2798 912 2873 permriscstcum
925 2814 1060 2853 summus
1071 2806 1200 2853 murrae
1213 2796 1304 2864 vires,
1326 2803 1395 2851 ιιιιιι

280 2890 391 2940 mutes
407 2882 618 2957 spectantum.
1384 2876 1398 2892 ⁶

368 2967 419 3027 10.
462 2965 617 3023 Columnis
638 2974 792 3043 praeterea
810 2964 987 3024 marmoreis
1001 2962 1174 3042 ingentibus
1191 2981 1226 3021 ac
1239 2961 1321 3021 mole
1336 2979 1395 3020 sua

280 3048 455 3129 stupendis,
478 3050 605 3131 aliisque
626 3052 751 3108 rumoris
778 3048 943 3109 altitudinis
962 3069 998 3108 ac
1011 3051 1101 3108 molis
1114 3049 1227 3129 ubique
1238 3056 1395 3107 sustenta-

281 3146 332 3196 tur
347 3154 381 3193 sc
398 3144 571 3210 exornatur,
590 3145 656 3192 tam
670 3136 802 3213 eleganti
817 3146 848 3193 et
861 3146 946 3214 grata
959 3136 1095 3194 colorum
1111 3136 1255 3192 varietate
1267 3142 1302 3191 ut
1312 3135 1393 3191 Pro-

282 3223 388 3301 copius
410 3223 442 3277 in
461 3217 537 3279 haeo
550 3220 641 3279 verba
655 3230 850 3299 prorumpat:
876 3222 923 3294 τίς
937 3223 999 3283 τοῖν
1014 3215 1130 3283 κιόνων
1145 3217 1196 3281 καί
1212 3219 1311 3281 λίθων
1323 3218 1394 3280 δια-

281 3300 468 3389 ριθμήσαιτο
488 3301 546 3385 τήν
569 3298 763 3383 εὐπρέπειαν,
785 3299 833 3379 οἷς
849 3302 883 3368 τί
895 3299 980 3384 leode
992 3297 1246 3381 κεκαλλαίπισεαις
1266 3302 1395 3381 λειμῶνί

280 3414 327 3465 τις
345 3384 385 3452 ὃν
401 3388 584 3469 ἐνηνοχέναι
599 3384 715 3463 δόξειεν
735 3388 838 3476 &pcipe
857 3387 893 3453 sd
914 3386 1028 3465 ἄνθος·
1051 3386 1222 3470 θαυμάσειε
1236 3385 1294 3474 γὰρ
1308 3387 1395 3451 clnd-

280 3498 340 3549 τυς
360 3478 422 3537 τοῖν
441 3470 497 3553 μὲν
515 3470 548 3538 ια’
567 3469 719 3555 ἁλουργόν
726 3516 735 3548 ,
756 3480 819 3538 τοῖν
841 3472 874 3537 dl
894 3471 927 3539 so*
946 3470 1088 3555 χλοᾶζον,
1112 3475 1164 3537 καί
1178 3469 1225 3549 οίς
1238 3471 1274 3538 τί
1286 3496 1395 3552 φοινι·

280 3565 360 3625 soso
372 3558 518 3634 ἐπανθεῖ,
541 3556 594 3619 καί
613 3550 658 3621 σίν
674 3554 707 3621 τί
720 3555 830 3623 λαινείν
844 3554 1067 3642 decerpsisset,
1091 3559 1134 3623 ίιι
1148 3558 1251 3641 μέντοι
1265 3559 1317 3622 καί
1334 3554 1395 3633 οὓς

279 3650 347 3718 ταῖς
376 3640 607 3717 ἐναντιωτάταις
634 3644 782 3707 ποικίλλει
807 3646 940 3727 pociores,
970 3640 1072 3726 ὥσπερ
1094 3669 1139 3719 τις
1163 3640 1337 3726 ζωγράφος,
1368 3642 1395 3725 τί

281 3724 387 3809 φύσις.
428 3731 520 3788 istam
541 3730 632 3786 etism
652 3747 838 3789 marmorum
855 3732 1031 3791 varietatem
1043 3731 1180 3811 pluribus
1192 3734 1343 3811 ranisque
1356 3730 1393 3787 in

279 3816 355 3876 locis
371 3810 564 3874 commendat
577 3815 690 3873 Paulus
703 3814 911 3891 silentiarius,
935 3826 966 3875 et
982 3804 1167 3875 marmbrum
1184 3817 1320 3895 ipsorum
1333 3832 1394 3893 ge·

280 3919 356 3959 nere
376 3919 412 3958 ac
433 3900 548 3959 colores
566 3910 700 3959 recenset
717 3902 831 3981 parti
852 3916 883 3961 τ.
896 3905 960 3966 200
981 3911 1012 3962 et
1028 3920 1117 3982 seqq.
1157 3902 1296 3981 inprimis
1317 3920 1392 3959 vero

278 3987 469 4065 Aegyptium
495 4004 550 4043 seu
580 3983 770 4045 Thebaicum
794 4006 987 4065 puspnrerun
1014 3988 1145 4048 stellulis
1167 3988 1392 4046 interstinctum

277 4070 398 4147 laudat,
420 4079 498 4149 part.
517 4075 530 4133 l
548 4088 578 4128 v.
591 4068 673 4144 246,
694 4082 772 4149 part
785 4076 807 4135 2
822 4092 853 4131 v.
867 4076 941 4137 tos.
984 4070 1101 4153 dequo
1118 4081 1238 4151 praeter
1253 4073 1391 4133 Plinium

277 4156 322 4221 86
341 4160 362 4222 7
384 4165 415 4217 et
435 4158 456 4221 8
477 4154 592 4215 Statius
605 4158 638 4213 in
649 4153 837 4235 Epithalam.
878 4157 993 4218 Stellae
1007 4168 1037 4217 et
1049 4158 1260 4220 Violentillae:
