3000 4850
251 308 304 383 92
725 304 899 377 Parem

253 472 437 539 Indicticnes
457 468 607 548 instituit,
629 488 686 533 nos
704 482 808 533 eutem
829 472 863 533 in
884 491 964 533 anno
984 469 1181 535 antecedente
1191 472 1363 539 indictione

253 564 375 624 labente
389 560 494 634 tertia,
516 560 544 619 ei
557 555 762 619 Indictionnm
773 557 922 641 epocham
935 556 1097 642 defigimus
1106 562 1141 621 in
1152 558 1295 624 kalendis
1307 566 1362 623 la·

135 694 139 702 .
253 649 367 709 nunriis
383 654 435 705 aut
447 644 481 703 in
494 644 595 703 Martii
612 641 663 703 die
675 646 820 707 vicesima
833 648 948 728 quinte.

338 732 478 811 Denique
493 746 591 791 eunus
604 730 658 789 ille
674 733 728 811 qui
742 750 763 791 a
777 729 955 793 cassiodoro
968 732 1092 812 ponitur
1103 730 1143 791 eb
1155 733 1362 793 incarnatione

255 818 515 899 quingentesimus
533 816 742 895 sexagesimus
760 816 926 892 secundus,
949 818 1006 877 snb
1022 820 1180 877 consulatu
1193 821 1362 879 Basiliiri-

256 906 316 963 cies
329 902 441 977 semel,
462 898 630 963 indictione
649 898 767 961 decima
780 914 903 963 notetur
915 913 981 961 tem
994 903 1033 963 ab
1047 900 1097 963 his
1110 906 1164 984 qui
1176 904 1362 964 Indicticnes

254 1008 274 1047 e
294 988 419 1062 Martio,
441 1004 535 1067 qnam
552 987 590 1045 ab
615 986 684 1049 aliis
707 990 762 1069 qni
782 990 820 1049 ab
840 989 1016 1047 Decembris
1036 986 1141 1053 die2h
1155 1000 1208 1048 aut
1219 986 1362 1049 kalendis

254 1074 387 1133 Ianuarii
400 1073 596 1152 sequentibus
610 1072 778 1133 ordiuntur.
819 1093 926 1133 verum
936 1075 1052 1155 priores
1064 1092 1082 1133 e
1094 1071 1236 1135 kalendis
1248 1078 1363 1134 lenne-

254 1160 308 1217 riis
331 1154 372 1215 ad
394 1161 414 1223 8
436 1155 584 1217 kalendas
599 1160 721 1238 Apriles
740 1156 941 1219 indictionem
956 1157 1056 1219 adhuc
1068 1162 1189 1219 tertiam
1203 1160 1363 1240 putebant.

255 1240 473 1303 concurrebant
493 1252 597 1303 eutem
616 1245 705 1305 ambo
717 1246 751 1303 in
764 1243 894 1305 eundem
906 1242 1107 1305 indictionem
1120 1256 1273 1326 quartem
1293 1247 1364 1325 ipsc

256 1326 307 1387 die
326 1329 557 1405 incarnationis,
578 1330 681 1391 Martii
699 1328 759 1405 25,
780 1349 799 1390 e
817 1350 879 1413 qno
899 1332 1015 1391 scilicet
1032 1330 1228 1391 cmsicdcms
1247 1350 1365 1390 ennom

254 1411 369 1475 christi
383 1424 523 1473 numeret
537 1415 814 1496 quingentesimum
827 1419 1052 1496 sexagesimum
1067 1414 1244 1475 secundnm.

341 1500 410 1559 Non
432 1500 527 1579 igitur
547 1498 657 1560 eodem
679 1520 760 1561 enno
782 1500 954 1584 iisdemque
976 1502 1149 1563 consulibus
1171 1502 1264 1561 ambo
1285 1496 1366 1561 haec
1485 1501 1486 1522 ¹

255 1583 345 1645 initio
367 1586 566 1661 conveniunt,
593 1586 807 1647 incematicnis
825 1590 940 1649 scilicet
960 1598 991 1647 at
1011 1588 1121 1647 nntche
1140 1585 1267 1646 domini.
1308 1586 1366 1666 qni

257 1672 342 1729 enim
361 1688 380 1729 e
398 1671 494 1729 netuli
510 1672 674 1751 incipiunt,
696 1670 756 1731 hoo
768 1683 815 1732 est
827 1675 868 1738 25
881 1674 1072 1746 Decembris,
1093 1692 1198 1731 eorum
1215 1668 1366 1751 apocham

256 1774 321 1815 non
333 1765 501 1836 sequnntur
514 1757 568 1837 qui
581 1758 618 1817 eb
630 1758 852 1834 incarnatione,
873 1756 932 1818 hcc
945 1768 992 1817 est
1002 1757 1044 1822 26
1055 1760 1174 1832 Martii,
1192 1767 1365 1831 numerent,

255 1838 313 1902 sed
326 1840 423 1901 tribus
438 1842 595 1903 mensibus
607 1852 814 1917 antevertont3
836 1852 871 1902 ut
887 1855 918 1904 et
938 1845 1044 1903 crocci
1059 1846 1132 1903 enni
1144 1844 1213 1924 plue
1225 1844 1367 1917 semine,

255 1928 327 2007 qni,
350 1924 432 2008 quod
448 1928 497 1987 vel
510 1929 599 2008 pueri
609 1939 739 2005 norunt,
761 1927 945 1989 Indicticnes
959 1948 1030 1989 sues
1044 1929 1120 1989 clim
1134 1948 1153 1987 e
1164 1928 1208 1993 25
1221 1928 1367 2007 Septem-
1486 1967 1487 1992 r

255 2013 337 2087 bris,
356 2022 461 2092 postea
487 2033 559 2073 vero
584 2032 603 2073 a
625 2010 767 2074 kalendis
794 2017 896 2073 exorsi
915 2024 997 2073 sunt.
1038 2012 1122 2095 quod
1140 2015 1307 2094 posterius,
1328 2022 1367 2072 ut

256 2099 334 2157 elios
348 2100 503 2174 ornittam,
524 2100 687 2179 Gregorius
706 2094 865 2205 Keqcpede
881 2100 1148 2159 Taurominitanus
1161 2096 1367 2181 archiepisco-
1487 2153 1488 2182 ,

256 2201 316 2332 pps
338 2181 453 2243 indicat
472 2182 601 2245 homilia
630 2186 675 2261 ele
694 2180 754 2267 scie
775 2180 875 2268 appele
892 2188 951 2267 πῑς
966 2179 1109 2249 consec
1128 2180 1200 2267 ἤτοι
1217 2189 1275 2250 roei
1292 2183 1368 2249 rien
1487 2257 1488 2262 η

291 2290 355 2342 ους.
1487 2287 1488 2292 ’

343 2354 484 2415 ceterum
498 2351 580 2437 quod
594 2352 632 2415 de
646 2351 851 2415 indictionum
868 2352 984 2438 epoche
999 2353 1083 2431 dixi,
1103 2354 1280 2413 meminisse
1295 2372 1368 2413 cnm

256 2440 364 2520 primis
386 2449 504 2519 oportet
527 2459 579 2500 eos
599 2443 654 2523 qui
674 2441 859 2502 craecorum
872 2441 1013 2503 historias
1028 2443 1196 2520 attingunt,
1218 2438 1292 2498 dum
1303 2441 1369 2500 im-

257 2535 431 2604 peratorum
443 2545 539 2586 annos
553 2527 645 2587 simul
657 2536 688 2586 et
701 2545 772 2586 cum
786 2526 1003 2590 Indictlcnibus
1015 2538 1130 2588 etcum
1140 2527 1230 2586 ennis
1239 2527 1369 2586 Iulianis

259 2619 445 2690 comparant.
487 2614 627 2695 namqui
641 2631 660 2671 e
673 2609 816 2673 kalendis
827 2616 960 2674 lmuerii
972 2632 1087 2672 annum
1100 2615 1217 2686 ineunt,
1237 2609 1272 2670 id
1284 2609 1368 2692 qnod

258 2693 399 2755 hodierni
421 2698 581 2778 scriptores
604 2699 735 2775 faciunt,
760 2718 875 2758 annum
893 2700 1061 2780 quemlibet
1075 2717 1112 2758 es
1127 2697 1295 2758 Indictione
1307 2715 1368 2758 no·

258 2791 324 2842 tere
342 2780 454 2842 debent
472 2802 551 2864 qnae
573 2805 614 2844 ex
635 2784 793 2864 cpolitano
811 2783 957 2846 methodo
978 2804 998 2845 a
1018 2781 1159 2844 kdendis
1180 2782 1369 2862 Septembris

259 2869 333 2926 anui
351 2870 507 2928 anterioris
522 2870 645 2930 initium
658 2867 780 2947 hebuit,
801 2872 833 2930 in
849 2891 944 2953 quem
955 2870 1067 2930 iuliani
1080 2871 1152 2929 enni
1166 2866 1367 2948 primordium

259 2951 386 3028 incidit,
407 2975 469 3013 non
485 2955 523 3014 eb
539 2975 575 3016 ee
591 2955 795 3037 quaeeodem
809 2976 890 3017 nnnc
904 2958 1026 3016 nonnisi
1042 2955 1064 3018 8
1080 2953 1265 3016 eenenobus
1277 2973 1368 3012 men-

263 3040 347 3099 sibus
369 3038 539 3101 inchoatum.
582 3051 650 3102 tum
670 3061 743 3103 vero
766 3044 869 3124 siqui
890 3045 1085 3122 imperatores
1109 3050 1242 3100 exeunte
1264 3040 1368 3119 alique

169 3122 192 3176 P
210 3121 246 3180 5³
263 3143 343 3184 anno
364 3125 481 3188 iuliano
505 3127 669 3208 imperium
688 3129 836 3208 auspicati
857 3139 943 3203 sunt,
965 3147 1028 3188 non
1046 3127 1141 3186 abiis
1161 3123 1369 3204 cognominari

260 3208 342 3270 hunc
363 3231 491 3288 annum,
513 3213 570 3274 sed
590 3214 628 3273 ab
649 3212 896 3274 antecedentibus
917 3233 975 3296 pur
995 3223 1057 3292 est,
1079 3213 1134 3294 qni
1155 3213 1272 3271 maiore
1297 3211 1369 3268 enni

259 3305 344 3376 perte
359 3295 458 3358 adhuc
473 3301 602 3379 imperio
617 3300 822 3380 praefuerunt.

346 3385 429 3442 llaec
455 3385 610 3445 levissima
637 3383 763 3466 quidem
789 3394 882 3459 sunt,
924 3381 980 3443 sed
1007 3399 1028 3440 ι
1054 3378 1238 3462 quibusdem
1267 3381 1370 3438 minus

261 3467 488 3544 animadversa3
517 3491 558 3530 ex
580 3491 640 3553 qno
661 3472 810 3545 Heraclii,
831 3481 866 3528 ut
885 3469 973 3528 initio
993 3467 1148 3547 praefatus
1163 3486 1251 3540 sum,
1272 3483 1370 3524 enno-

261 3571 330 3610 rnm
351 3553 422 3613 ordo
443 3556 641 3616 labefactatus
660 3566 724 3630 est,
746 3553 898 3638 siquidem
921 3557 1038 3634 primus
1059 3553 1145 3612 illins
1164 3570 1262 3610 annm
1283 3547 1371 3608 indi-

262 3639 361 3698 ctione
383 3640 541 3719 cpolitano
562 3644 662 3722 coepit
686 3640 742 3718 14,
774 3660 802 3701 e.
823 3643 857 3700 c.
879 3641 959 3713 610,
985 3639 1108 3700 Octobri
1130 3655 1254 3709 mense,
1275 3645 1311 3694 nt
1328 3651 1370 3692 ex

261 3721 452 3804 Theophane
477 3727 613 3788 cedreno
637 3728 765 3808 allisque
787 3735 924 3786 constare
945 3726 1054 3802 poturit.
1096 3742 1191 3804 quem
1215 3739 1296 3779 anno
1318 3739 1371 3778 se-

262 3819 385 3891 quente,
408 3811 515 3872 eedem
529 3812 696 3874 Indicticne
711 3814 833 3872 labente
849 3822 901 3869 ent
912 3813 1037 3868 ineunte
1049 3811 1197 3882 Romans,
1216 3805 1372 3865 nnmmeri

261 3899 378 3977 primus
396 3899 526 3957 Heraclii
542 3897 660 3974 debuit,
683 3917 754 3958 cnm
768 3894 996 3956 antecedentem
1010 3895 1120 3954 maiori
1133 3913 1174 3952 ex
1185 3903 1272 3972 perte
1286 3888 1372 3949 Pho-

261 4001 315 4040 cee
337 3983 358 4046 8
379 3995 562 4062 occupasset.
605 3994 637 4045 at
658 3985 706 4042 illi
728 3983 861 4044 Heraclii
882 3979 1049 4043 secundnm
1064 3979 1177 4040 christi
1189 3981 1253 4041 611
1267 3978 1373 4053 sigue-

260 4078 341 4127 runt.
385 4071 427 4128 ite
441 4071 556 4148 primus
572 4067 707 4130 eimdem
719 4071 910 4150 imperatoris
924 4087 1022 4127 annus
1036 4065 1181 4126 trimestri
1198 4063 1297 4141 spatio
1310 4061 1372 4118 oir-

263 4157 463 4234 cumscriptus
484 4165 540 4215 est.
583 4175 675 4237 quem
700 4157 804 4216 labem
827 4173 898 4214 curn
917 4151 1057 4213 homines
1079 4148 1191 4211 eruditi
1208 4147 1300 4208 facile
1315 4142 1373 4204 de-

263 4237 512 4317 prehendissent,
533 4241 576 4300 ite
595 4239 757 4301 emendare
775 4252 847 4302 sunt
864 4242 999 4320 aggressi
1012 4248 1048 4299 ut
1061 4238 1150 4296 anuis
1160 4232 1282 4296 Phocoe
1292 4249 1374 4290 ncu-

263 4325 354 4392 nisit
367 4327 518 4388 attributis
531 4337 723 4408 prenotato,
745 4329 801 4412 qui
813 4327 847 4386 in
858 4323 971 4386 christi
985 4327 1048 4392 610
1061 4319 1188 4399 incidit,
1208 4316 1369 4380 llereoliil
