3000 4850
421 299 678 372 DESCRIPTIO
702 299 739 372 S.
765 299 958 374 SOPHIAE.
1166 300 1241 376 153

135 467 306 534 mutiterit
321 467 485 546 urbicolis,
506 467 604 530 mulio
623 467 810 550 probabilius
829 465 950 530 ridetur
963 463 1078 529 hancce
1088 463 1160 528 inde
1175 487 1243 530 sor-

136 561 226 619 titum
244 557 496 638 appellationem,
517 553 601 637 quod
616 573 720 615 revere
731 555 839 614 domm
853 565 932 614 esset
946 555 1098 626 eeclesiae,
1120 553 1178 616 hoo
1197 564 1243 615 est

135 641 251 702 aeditui
270 653 300 702 et
318 635 491 724 νεωκόρον,
512 644 547 700 in
570 658 630 722 qua
650 643 742 699 etiam
759 643 939 720 imperator,
961 642 988 700 ai
1005 642 1137 718 luberet,
1155 651 1245 700 ante-

138 748 229 808 quam
248 747 335 788 sacra
358 737 573 808 peragerentur
585 725 702 802 cilicia,
722 727 774 784 rel
786 728 824 785 iis
840 726 931 784 finitis
946 737 976 784 et
991 729 1121 802 exactis,
1143 745 1247 786 mora-

137 824 227 872 retur.
270 832 345 872 nom
367 823 401 871 ut
424 823 570 895 mercum
591 813 692 870 Latini
711 813 871 890 scriptores
889 809 996 870 eedem
1012 822 1042 870 et
1057 809 1247 871 domicilium

136 909 298 973 vocarunt,
321 909 356 957 ut
375 904 550 972 constatgex
569 898 713 976 Gregorio
728 898 843 958 Turon.
859 896 970 960 Hirti
992 900 1029 972 7,
1053 896 1072 960 5
1095 898 1136 962 19
1151 907 1180 955 et
1194 894 1247 973 40,

137 980 319 1057 taetri,
341 983 361 1045 8
383 980 521 1056 serti,
542 985 563 1045 9
584 987 620 1057 6,
645 983 839 1057 toruis,
864 982 1053 1046 domimo-1
1078 979 1136 1057 44,
1161 986 1181 1046 2
1203 985 1246 1046 21

137 1078 166 1126 εἰ
180 1066 239 1144 24,
261 1067 300 1128 de
316 1069 455 1126 Miracul.
468 1067 501 1127 S.
514 1069 641 1130 sieut
664 1072 722 1141 11,
743 1065 766 1131 4
790 1070 842 1130 21.
884 1078 918 1128 ut
933 1079 1045 1126 ceteros
1059 1077 1248 1148 praeteream

137 1155 197 1213 elio
211 1174 231 1211 a
245 1175 313 1228 me,
340 1156 368 1214 si
381 1152 455 1214 deus
466 1153 590 1227 faverit,
613 1151 811 1212 recensendos
830 1153 914 1230 loco,
937 1164 968 1212 et
983 1155 1091 1212 melori
1104 1151 1248 1212 dixerunt

138 1258 191 1318 pro
200 1239 362 1318 divertere,
382 1250 418 1299 ut
430 1241 575 1298 Paulinus
587 1242 656 1298 Nat.
668 1241 689 1300 9
704 1247 735 1296 et
749 1235 807 1312 10,
828 1240 871 1296 iia
886 1236 1011 1316 μιιάτον
1025 1235 1132 1296 eadem
1147 1239 1246 1316 signi-

137 1323 276 1400 iicstione
290 1336 438 1404 usurpant
447 1325 555 1384 Graeci
566 1324 762 1398 remotiores,
786 1331 821 1382 ut
833 1320 962 1382 hebetur
973 1325 1006 1381 in
1020 1325 1135 1382 Glosaie
1147 1323 1243 1382 Basil-

137 1408 170 1468 8.
188 1408 390 1484 Athanasius,
411 1411 475 1470 sire
496 1412 635 1492 quisquis
655 1418 700 1469 est
721 1417 826 1469 auctor
847 1411 1024 1468 narrationis
1048 1406 1086 1468 de
1109 1410 1243 1488 imagine

137 1495 314 1576 Berytensis
345 1491 509 1580 ἒπεξῄιησι
531 1489 656 1575 percisos
678 1497 780 1573 μεῖζον
801 1489 820 1558 d
838 1489 1018 1575 Χριστιανδς
1045 1491 1088 1568 air
1112 1487 1243 1574 χρῄζειν.

136 1579 213 1641 elios
225 1579 267 1640 sd
278 1577 313 1640 id
323 1578 504 1640 firmandum
516 1577 621 1640 laudat
635 1582 794 1658 scriptores
807 1582 964 1640 Meuruus.
1008 1579 1046 1640 cb
1061 1576 1141 1639 hanc
1150 1581 1245 1658 igitur

137 1683 260 1725 canum
282 1667 449 1726 triclinium
470 1664 551 1726 istud
573 1666 722 1725 excitasse
737 1666 840 1746 itaque
859 1667 1026 1746 appellasse
1041 1667 1244 1724 iustiniaunm

136 1750 179 1808 ait
198 1754 400 1831 Anonymus,
420 1762 455 1811 ut
470 1754 503 1811 iu
519 1771 556 1810 eo
572 1753 756 1832 quiesceret:
786 1744 907 1814 iniisse
928 1747 962 1814 il
982 1785 1022 1797 —
1041 1748 1094 1814 roi
1113 1743 1245 1830 perussi-

136 1857 215 1916 ρων,
236 1833 314 1919 ὅπερ
327 1835 423 1901 istius
435 1830 586 1919 ἀνήγειρε,
608 1839 740 1899 κοιτῶνα
755 1832 869 1916 ω’ραῖον
879 1829 1051 1918 διάχρυσον,
1074 1835 1127 1898 iro
1141 1836 1245 1897 siono-

137 1921 304 2002 peuopircu
321 1915 418 1986 edroi
437 1920 471 1986 ir
490 1927 534 2008 spi
554 1925 621 2008 rupi
642 1919 737 1985 iarios
756 1914 907 2006 καθεύδῃ.
950 1920 1003 1979 ubi
1019 1915 1183 1984 καθεύδειν
1199 1929 1246 1979 est

136 2023 196 2064 non
207 2017 274 2065 tam
285 2027 389 2066 somno
401 2009 532 2066 recreari
544 2027 635 2088 quam
650 2008 799 2087 quiescere
811 2025 846 2064 ac
857 2007 980 2066 morari.
1027 2001 1175 2065 eiusmodi
1189 2025 1247 2064 au-

136 2100 198 2150 tem
217 2093 278 2152 fuit
302 2095 385 2152 etin
408 2113 479 2152 eum
500 2094 592 2151 linem
616 2101 767 2152 exstructa
790 2090 902 2151 exedra
929 2091 1071 2150 ecciesiae
1094 2089 1246 2165 adiuncta,

136 2179 223 2237 cuins
236 2180 377 2236 meminit
387 2180 564 2238 Anastasius
579 2180 611 2236 in
626 2179 771 2256 Gregorio
785 2195 834 2236 rr:
845 2177 927 2256 serit
940 2178 1031 2234 euism
1043 2178 1129 2234 ιἰιιιεα
1142 2175 1248 2235 acoliti

135 2280 190 2338 pru
205 2264 306 2342 quieta
317 2264 486 2343 putrefieri,
507 2263 562 2324 ubi
569 2274 640 2342 post
651 2264 800 2322 orationes
814 2261 1010 2322 ηιαιιιιίιιαίιι
1022 2261 1072 2321 vel
1084 2263 1247 2321 suasurum

137 2346 243 2427 officia
265 2350 330 2408 eries
353 2349 478 2408 roieorri
503 2348 638 2408 murdro
656 2350 805 2428 soporari,
835 2347 999 2427 hospitium
1013 2369 1163 2429 porrum,
1192 2345 1248 2406 sed

137 2430 258 2493 husae
279 2446 495 2509 constr-nouem,
517 2446 545 2494 es
560 2436 693 2514 piourris
710 2434 863 2493 decoravit
881 2436 1008 2493 exurite
1052 2437 1094 2493 ita
1111 2441 1245 2493 metato-

138 2519 216 2578 rium
228 2540 286 2580 seu
301 2519 490 2581 diaconionm
503 2522 639 2601 amplum
651 2522 817 2579 triclinium
827 2521 895 2595 ferit,
917 2522 949 2579 in
963 2539 1022 2601 quo
1037 2530 1067 2579 et
1080 2522 1245 2600 imperator

139 2600 300 2683 diversari,
322 2604 471 2687 siquando
488 2606 650 2687 apublicis
668 2608 747 2665 curis
762 2607 854 2665 veliet
868 2604 1008 2665 secedere
1022 2615 1051 2665 et
1066 2608 1172 2684 pietati
1189 2624 1248 2664 ra-

139 2708 222 2767 care,
253 2701 285 2751 et
302 2688 419 2751 dieoom
435 2690 605 2767 considere,
628 2702 659 2750 et
675 2690 784 2771 synodi
800 2692 920 2771 peragi,
943 2692 1043 2751 clerici
1062 2690 1245 2771 delinquen-

139 2784 183 2835 tes
203 2774 339 2851 includi,
371 2796 455 2836 sacra
477 2778 621 2837 ecclesiae
640 2796 713 2837 rasa
730 2779 897 2837 ministeria
920 2787 951 2835 et
970 2786 1068 2836 restes
1087 2777 1245 2853 asservari,

139 2870 229 2943 atque
247 2860 324 2921 adeo
340 2864 407 2943 ipse
424 2861 578 2939 aedituus,
598 2862 649 2923 rel
666 2864 719 2943 qni
734 2865 843 2943 templi
858 2860 1053 2921 conservandi
1069 2881 1172 2920 curam
1186 2859 1246 2919 ha-

139 2944 245 3024 bebat,
268 2944 405 3008 habitare
424 2958 572 3029 poterant.
617 2946 753 3009 aedituos
775 2950 867 3023 istos,
890 2944 972 3029 quod
990 2949 1027 3007 iis
1047 2948 1134 3005 iuxta
1154 2944 1245 3005 aedes

141 3049 237 3092 sacrm
267 3036 386 3093 mansio
412 3045 506 3108 esset,
542 3036 794 3115 mpcporcpicur
823 3042 929 3093 recent
954 3030 1089 3113 synodus
1112 3032 1161 3091 GP
1187 3030 1244 3089 sub

140 3116 250 3177 lienus
264 3120 335 3178 Act.
347 3120 383 3195 5,
405 3139 450 3179 ru
464 3118 579 3200 Synod.
594 3122 661 3179 Act.
674 3125 694 3184 7
709 3139 776 3178 cen.
792 3120 829 3196 5,
850 3128 880 3177 et
895 3120 1002 3178 Petrus
1017 3118 1168 3176 Diaconus
1183 3118 1245 3175 Ca-

142 3203 270 3263 sinenais
291 3206 326 3262 in
348 3205 447 3264 Belst.
469 3204 508 3265 de
530 3225 654 3285 corpore
674 3204 707 3265 S.
721 3203 878 3263 Benedicti
895 3224 927 3262 n.
940 3208 978 3278 2,
1000 3202 1247 3284 upocpovupiouc

142 3284 331 3349 definitiones
351 3291 471 3349 concilii
492 3287 675 3351 chneedon.
697 3310 764 3349 cen.
783 3294 820 3367 2,
841 3291 904 3350 Leo
924 3290 1118 3347 Grammatic.
1134 3290 1167 3347 in
1183 3290 1245 3347 Mi-

141 3370 244 3435 chaele
272 3374 369 3436 Balbo
398 3396 431 3457 p·
460 3374 542 3451 459,
575 3386 605 3435 et
626 3376 790 3436 Balsamon
816 3373 856 3434 ad
873 3376 968 3433 Marci
989 3384 1065 3454 patr.
1090 3393 1168 3453 resp.
1190 3376 1244 3439 28.
1262 3372 1285 3428 Ρ
1301 3372 1355 3431 59⁶

140 3461 385 3541 zoroporopiovr
405 3463 497 3520 etiam
517 3458 650 3521 habuero
670 3462 817 3541 gentiles,
844 3462 872 3519 si
891 3478 950 3541 qua
973 3460 1144 3538 Menologio
1170 3458 1246 3520 fides

141 3542 179 3603 ad
193 3550 232 3610 17
245 3547 433 3607 Novembris.
461 3565 539 3628 quae
553 3545 678 3629 quidem
691 3565 754 3608 vox
767 3543 895 3605 habetur
907 3548 998 3604 etism
1008 3548 1039 3605 in
1054 3547 1140 3604 ltalia
1154 3546 1246 3605 Sacro

141 3628 264 3709 llghelli
278 3641 301 3689 t.
316 3634 336 3695 8
354 3652 385 3712 p.
396 3630 457 3695 421
474 3643 505 3691 et
519 3632 592 3697 428.
633 3642 665 3692 et
679 3634 731 3714 qui
739 3633 977 3710 paramonarius
991 3630 1101 3689 dicitur
1113 3633 1245 3691 Diaconc

142 3714 313 3792 Gasinensi,
341 3719 564 3777 mumionorius
585 3727 774 3798 nuncupatur
795 3720 891 3777 Leoni
913 3718 1017 3780 Osos
1044 3720 1097 3780 26.
1139 3728 1247 3777 notum

142 3812 242 3859 autem
261 3821 302 3860 ex
319 3801 463 3882 Gregorio
478 3806 521 3862 M.
536 3805 651 3867 nius
673 3802 715 3871 24
731 3813 761 3861 et
777 3805 817 3867 25
835 3804 1053 3861 mansionarios
1069 3812 1098 3859 et
1112 3803 1248 3861 arumdes

141 3889 311 3965 promiscue
333 3890 497 3968 appellari,
530 3890 640 3971 quibus
664 3890 778 3947 scilicet
797 3886 1011 3949 custodiendae
1033 3888 1176 3947 ecclesiae
1197 3890 1248 3945 in-

142 3971 301 4031 cumbebat
331 3993 421 4048 cure3
452 3973 534 4034 unde
558 3973 738 4033 wcubiwres
758 3986 970 4055 nuncupantur
992 3975 1186 4033 mansionarii
1208 3970 1246 4029 ab

141 4054 325 4118 Aldrereldo
338 4059 362 4117 l.
376 4066 391 4123 1
411 4057 449 4117 de
462 4062 566 4119 Mirao.
580 4060 613 4120 S.
630 4059 797 4120 Benedicti.
839 4063 862 4119 ii
876 4062 957 4118 enim
969 4078 1032 4118 non
1043 4056 1135 4117 modo
1148 4058 1247 4117 eecle-

143 4144 218 4201 siam
240 4142 295 4202 sed
316 4153 348 4203 et
368 4145 510 4227 reliquias
532 4156 563 4205 et
584 4143 772 4227 phylacteria
792 4146 967 4220 servabant,
989 4152 1023 4203 ut
1041 4144 1191 4222 colligitur
1206 4160 1247 4201 ex

142 4226 251 4287 eodem
258 4232 362 4289 Leone
377 4230 440 4290 0at.
455 4234 478 4295 2
497 4230 549 4295 84.
591 4231 672 4291 unde
687 4232 862 4310 martyrarii
875 4229 947 4289 dicti
961 4232 992 4287 in
1007 4230 1132 4288 concilio
1148 4230 1247 4286 Aure-

143 4312 216 4375 lian.
230 4333 257 4373 ιι
272 4334 340 4377 can.
353 4317 394 4381 13
410 4314 491 4399 apud
507 4318 632 4398 Gregor.
643 4318 721 4379 Tur.
733 4315 772 4377 de
784 4318 889 4377 Miror.
904 4319 926 4379 2
946 4314 987 4380 46
1003 4324 1033 4372 et
1048 4314 1126 4373 Hist.
1144 4312 1166 4375 4
1190 4315 1247 4390 115
