3000 4850
229 296 302 369 ιιι
658 291 721 362 nu
751 247 916 360 canon

226 462 320 526 noris
333 459 483 519 intersunt
495 451 685 517 moerdotunt
696 453 853 516 subsellis.
895 449 981 514 addit
991 463 1146 535 praeterea
1157 473 1249 537 snpra
1262 475 1335 517 enm

226 548 371 608 thronum
383 541 537 604 Christum
551 541 649 602 solere
661 541 786 622 effingi,
808 539 949 602 manibus
965 543 996 598 ιιι
1011 559 1149 600 mensam
1163 545 1335 622 appositam

227 635 260 694 in
273 635 369 693 crucis
383 632 511 689 fonnem
526 627 706 704 decussatis,
729 627 836 688 dextra
849 645 961 708 panem
976 645 1105 703 sacurm,
1127 629 1246 687 sinistre
1264 647 1335 686 cru-

227 739 294 779 cem
309 712 601 798 apprehendentem
623 711 780 774 hincinde
794 732 876 788 vero,
899 723 930 772 et
943 732 961 771 a
977 713 1138 789 lateribus,
1160 733 1251 793 supra
1265 716 1335 794 epi·
1342 751 1345 756 ,

226 822 385 883 scoporum
402 811 433 860 et
450 797 640 860 sacerdotum
657 797 785 875 sedilia,
817 795 977 858 duodecim
992 800 1197 876 apostolorum
1216 799 1334 878 effigies

227 888 410 960 delineatae,
441 898 475 945 ut
493 889 584 945 etiam
596 882 711 944 hodie
702 903 735 943 ιιι
747 885 781 944 S
797 885 886 944 Pauli
902 896 933 944 et
945 884 1110 944 Salvatoris
1123 885 1255 944 basilicis
1269 887 1336 944 llo-

225 995 295 1034 mae
313 974 545 1052 conspiciuntur.
587 969 669 1032 uude
689 971 816 1051 planum
836 969 870 1029 iit
892 990 928 1029 eo
947 972 1123 1076 respexisse
1146 971 1335 1029 Germanum

225 1057 427 1165 patriarchum
440 1059 508 1131 (ΣΡ,
537 1075 607 1116 cum
618 1055 696 1115 dixit
712 1056 798 1160 βῆμα
817 1073 882 1115 esse
897 1049 1039 1162 θρόνον
1029 1045 1105 1114 ἒν
1080 1075 1162 1158 perp
1175 1053 1194 1119 d
1208 1056 1336 1135 παρβα-

224 1141 325 1218 σιιιιις
347 1139 478 1224 Χριστις
498 1134 693 1220 προκάθηται
716 1137 791 1222 orsi
813 1145 875 1203 ιοιν
898 1137 997 1204 ανίοὗ
1018 1133 1212 1218 οἷαοσιόλαν,
1243 1151 1335 1200 utet

223 1232 408 1338 symeonem
423 1226 604 1286 Thessalou.
620 1227 699 1287 libro
718 1224 758 1285 de
771 1227 921 1306 Templo·
943 1227 1075 1299 καθίσας
1093 1229 1135 1334 epi
1156 1221 1333 1328 σονθρόνρι,

226 1313 280 1379 eds·
295 1310 428 1396 Χριοιον
442 1307 673 1392 ίιμιμοιίμενος,
688 1311 915 1417 σαγιιαθίδρονς
929 1311 990 1390 ἔχει
1000 1309 1052 1374 uui
1066 1287 1140 1384 ιοιίς
1155 1306 1334 1374 συνεπισκό-

174 1425 178 1440 ⁴
227 1425 306 1475 ιιοας
322 1399 375 1462 ιιι
387 1400 477 1506 ίιριῑς
488 1396 695 1477 μιμουμένους
706 1392 780 1506 τροις
793 1391 990 1470 αἰοσιόιονς.
1034 1406 1064 1454 et
1078 1397 1156 1455 libro
1172 1395 1209 1456 de
1222 1396 1334 1456 Sacra-

226 1489 356 1546 inentis:
377 1482 400 1564 ἡ
415 1479 482 1545 dvo
474 1480 686 1588 καθέδρα
649 1505 706 1559 την
718 1481 953 1586 αιιερουρρινιον
958 1482 1094 1544 δείκνυσι
1107 1481 1265 1562 καθέδραν
1276 1485 1335 1544 rosi

223 1565 339 1650 locon,
368 1569 405 1631 αἱ
423 1563 482 1630 δι’
505 1559 602 1674 αιιιήν
615 1565 650 1632 δὲ
665 1561 861 1649 βαθμίδις
827 1590 884 1652 την
898 1558 1027 1631 induco
1040 1571 1101 1629 redu
1116 1569 1264 1650 ίεραρχοιν
1279 1565 1334 1629 sol

226 1657 271 1738 ιιρ
273 1657 332 1718 icor
350 1650 437 1729 τάξιν
453 1677 485 1716 τι
503 1651 557 1716 οιαὶ
576 1648 741 1733 desipuere,
774 1653 853 1760 ipio
875 1649 915 1733 δη
928 1651 979 1716 και
997 1675 1034 1715 oo
1027 1647 1138 1730 ’θιμις
1150 1677 1219 1716 τινα
1212 1651 1334 1730 ἕτερον

224 1745 370 1815 sobicus,
401 1733 475 1801 ουδὲ
496 1743 560 1801 ιοιν
582 1734 737 1802 διακόνων
761 1733 874 1802 odedu
918 1736 1025 1800 eadem
1045 1736 1137 1798 hebet
1150 1739 1218 1797 alus
1230 1739 1332 1797 verbra

225 1829 303 1886 libro
320 1825 358 1885 de
373 1825 521 1931 Templot
551 1821 604 1888 ded
625 1847 680 1888 soc
703 1824 790 1926 ίιροιῑ
810 1817 984 1929 σννθρᾶνον
999 1819 1053 1902 ιον
1071 1824 1115 1899 είς
1129 1818 1283 1929 οιίρανονς
1297 1821 1332 1887 ds

226 1915 334 1988 δεξιῶν
347 1934 402 1974 τον
417 1905 528 1989 παιρδς
543 1908 740 1992 σαρκαθὲνια
751 1903 845 1992 λόγον
859 1905 1048 2016 ιραθήριενον,
1071 1905 1122 1972 ded
1135 1906 1169 1972 δὲ
1183 1913 1244 1971 suiv
1257 1904 1332 1971 dsu-

224 2001 357 2101 βαθμοῖν
375 1991 434 2074 τὴν
453 1993 582 2059 indotos
598 1999 661 2058 τοῖν
675 1993 849 2078 ίιραρὲναν
861 1989 1039 2078 baedano
1052 1994 1105 2058 sel
1119 1999 1181 2058 ιιιν
1197 1988 1332 2078 οιγγέλαν

223 2078 310 2160 ταξιν
324 2105 354 2144 ιι
368 2080 422 2144 καὶ
437 2074 601 2160 ανοὶβασιν

175 2161 178 2169 ’
309 2169 362 2230 67
405 2167 480 2227 Dixi
497 2166 585 2232 binos
597 2181 733 2223 recessus
753 2183 807 2222 seu
825 2165 925 2242 potius
943 2162 1018 2224 duas
1036 2161 1199 2224 conchulas
1211 2163 1330 2238 maiori,

225 2253 388 2313 ubistabut
402 2269 487 2309 sacra
499 2268 615 2322 mensa,
639 2246 796 2308 adiunctas
810 2249 919 2323 fuisse,
942 2251 1069 2310 alteram
1087 2249 1127 2310 ad
1145 2248 1286 2310 dextram
1300 2259 1331 2308 et

223 2339 466 2419 septentrionem,
491 2335 617 2392 alteram
627 2332 666 2391 ed
679 2335 832 2392 sinistram
845 2345 874 2392 et
890 2294 929 2392 ed
943 2335 1103 2395 meridiem
1120 2338 1233 2395 altaris.
1255 2353 1331 2393 con·

224 2422 330 2484 ollulas
351 2422 458 2481 maiori
447 2417 628 2479 adiunctas
645 2417 805 2493 describit,
827 2421 861 2477 ni
879 2418 983 2495 lallor,
1006 2421 1197 2482 silentiarius
1214 2422 1231 2485 1
1252 2430 1332 2501 pert.

223 2530 255 2569 v.
271 2510 343 2575 236.
388 2525 460 2563 ιιιιιι
483 2525 553 2563 cum
567 2504 696 2565 dixisset
710 2502 844 2563 mediam
857 2524 892 2564 ao
905 2508 1051 2564 maiorem
1067 2505 1214 2565 concham
1228 2524 1332 2565 mcer-

225 2594 330 2653 dotnm
343 2592 511 2651 subsellia
502 2610 535 2648 m
548 2591 653 2651 orbem
667 2589 870 2649 circumducta
885 2594 1054 2665 continere,
1082 2590 1168 2651 addit
1183 2610 1251 2651 eam
1272 2611 1331 2649 ax-

226 2684 325 2759 cipere
339 2676 393 2755 (ad
403 2687 564 2755 utnumque
576 2696 688 2755 nempe
703 2676 796 2753 latus)
817 2676 963 2735 fornicem
974 2678 1086 2752 alium,
1115 2676 1224 2736 validis
1247 2679 1332 2733 inui-

225 2784 301 2823 xum
317 2761 540 2836 fundamentis,
562 2764 594 2819 in
609 2764 671 2821 ima
684 2760 808 2842 quidem
824 2764 955 2841 partein
971 2774 1066 2821 rectas
1083 2762 1208 2821 ductum
1220 2763 1330 2838 lineas,

225 2868 355 2929 superne
377 2868 448 2907 vero
468 2849 510 2906 ita
530 2849 683 2907 ιιιιαιιοιιι
703 2858 738 2905 ut
753 2847 882 2926 cyliudri
897 2850 1047 2906 semitecti
1060 2848 1192 2907 formem
1208 2848 1331 2907 referat.

225 2956 261 2995 ee
275 2946 321 2994 est
336 2936 418 2993 enirn
429 2935 581 2993 minorum
595 2932 812 2993 conchulamm
824 2934 930 3013 figure,
945 2952 1023 3013 quae
1037 2953 1106 2993 cum
1117 2937 1225 2993 maiori
1240 2934 1330 3011 longa

224 3024 387 3082 strictiores
401 3038 419 3077 a
434 3029 513 3078 terra
527 3029 693 3098 assurgant,
717 3018 847 3099 cylindri
863 3021 1014 3079 semisecti
1027 3020 1157 3079 formem
1171 3020 1329 3097 effingunt,

225 3107 321 3168 donec
341 3125 471 3184 superne
489 3107 663 3179 sinuentur3
694 3123 787 3184 quam
810 3106 902 3163 etism
921 3104 1051 3183 figuram
1070 3107 1179 3165 maiori
1196 3102 1330 3164 conchae

224 3194 330 3253 tribuit
342 3192 515 3268 Procopius,
537 3191 609 3248 licet
620 3192 730 3269 potiori
742 3193 808 3248 iure
821 3191 987 3249 minoribus
1000 3192 1054 3249 illa
1067 3192 1234 3249 conveniat.
1254 3206 1331 3249 mox

225 3277 311 3337 addit
323 3278 514 3335 silentiarius
530 3273 694 3349 conchem,
718 3276 897 3335 orientalem
911 3296 1038 3357 nempe,
1060 3276 1147 3337 birras
1163 3278 1238 3336 alias
1254 3294 1330 3334 oon-

121 3357 126 3365 ’
226 3362 299 3422 obas
312 3363 453 3441 utrinque
468 3359 657 3440 protendere,
680 3379 783 3421 versus
798 3360 984 3420 occidentem
1001 3360 1236 3441 progredientes,
1258 3372 1330 3421 tan-

224 3467 317 3529 quam
330 3448 458 3505 siolum
471 3465 540 3505 suas
554 3446 746 3520 extenderet,
777 3466 837 3527 quo
853 3448 967 3505 olerum
981 3467 1017 3507 nc
1034 3459 1170 3508 cantores
1184 3448 1329 3529 excipiet.

225 3532 264 3593 da
277 3532 464 3592 minoribus
455 3535 548 3609 igitur
563 3529 738 3591 conchulis
729 3542 772 3591 ιιι
786 3532 993 3592 silentiarius:

347 3615 406 3696 τήν
420 3614 453 3677 di
464 3610 529 3696 μέτ’
526 3615 691 3719 ἐκδέχεται
701 3622 855 3722 κρατεροῖς
868 3612 999 3717 α’ραρνῖα
1012 3616 1174 3696 deperiisse,

349 3700 381 3775 ἐς
393 3694 487 3782 doinus
498 3694 728 3806 εὐθύγραμμος,
748 3697 868 3783 νπιρθι
880 3700 913 3766 δὲ
922 3696 1048 3809 pritinos·
1064 3698 1168 3777 ανινξ,

350 3806 500 3893 ρχημασιν
514 3809 552 3849 ον
545 3780 700 3870 ’σφαίρης
710 3788 888 3871 ἐναλίγκιος,
910 3782 986 3853 c’lld
999 3788 1164 3870 κυλίνδρου

350 3868 460 3951 ανιιχα
477 3872 682 3952 τιμνομὲνοιο.

222 3954 333 4018 harum
353 3956 569 4017 conchulamm
590 3959 731 4031 alteram,
761 3956 907 4041 quemad
921 3956 1061 4019 dextram
1075 3956 1180 4018 statuit
1194 3954 1329 4035 Symeon

222 4042 521 4118 Thessalonicensis,
543 4038 694 4123 πρόθιοιν
706 4046 814 4103 Graeci
829 4046 993 4125 appellant,
1016 4046 1103 4125 quasi
1120 4042 1202 4101 διοιι
1211 4058 1329 4119 propo-

221 4132 359 4189 amonem
373 4141 426 4189 aut
433 4132 648 4209 propositionis
661 4150 810 4201 mmmm,
839 4149 858 4188 ι
871 4133 1041 4191 ceremonia
1058 4148 1136 4212 qnae
1153 4130 1187 4187 in
1202 4146 1238 4185 ea
1254 4144 1329 4205 pes·

221 4219 322 4295 egitur
331 4236 444 4277 nomen
454 4214 627 4277 habentem.
668 4220 705 4277 in
720 4235 756 4275 ee
774 4234 923 4300 namque,
956 4216 1156 4290 aitAllatius,
1186 4208 1327 4274 sacerdos

221 4312 292 4364 ants
305 4306 449 4384 mnsam,
470 4304 939 4383 etunacumsotninistrantaa,
960 4321 1009 4365 raa
1026 4320 1132 4367 omnes
1151 4296 1327 4361 adsacrum
