3000 4850
248 314 323 390 128
681 313 745 384 DU
769 310 909 384 utnon

246 476 978 560 ampaauemumsaeampmum
992 473 1235 564 tibrae'm'ginsl.
1259 481 1357 546 deni.

246 587 307 648 que
323 567 355 626 S.
369 567 541 644 Remigius,
561 567 595 623 iu
608 575 788 626 testamento
803 585 874 642 suo,
896 564 979 646 apud
992 563 1123 626 eundem
1135 572 1312 650 scriptorem
1332 575 1354 636 1
1489 602 1490 660 t

247 653 306 716 182
326 650 519 709 abihamde'
533 671 618 708 meae
634 652 776 711 euclem
793 671 888 730 eupm
908 662 1090 711 memoratae
1107 653 1192 713 debeo
1214 660 1376 722 mnsam

246 737 326 808 uem,
353 746 384 794 ee
401 737 604 816 ὺιωςίηαιιιω
619 737 745 796 cauam
756 736 924 818 februari.
968 740 1002 796 in
1021 736 1070 796 his
1087 757 1176 818 ponc
1195 743 1355 802 tuniculis

245 838 364 882 noram
377 819 588 881 eucharistiam
603 820 645 881 ad
662 824 797 884 infirmos
811 843 866 882 seu
881 822 928 882 cd
936 824 1082 882 victimam
1099 828 1206 904 reponi
1226 829 1355 886 solitam

245 905 357 967 disens
377 905 466 967 docet
477 909 640 988 Gregorius
650 911 839 969 'lberonensis
857 907 895 968 de
910 903 1013 968 Gloria
1026 911 1115 970 biart.
1132 912 1150 973 1
1171 913 1230 975 86:
1259 931 1355 971 αωο-

239 1003 358 1072 ptaqne
372 1003 454 1051 uerte
468 995 627 1066 άὶαοοιιω,
648 996 682 1052 s'n
697 1015 760 1075 qam
774 995 1355 1075 mmmmdoms‘m'es'oorporiahaba·

245 1077 349 1151 beau,
369 1078 457 1158 sem
478 1081 576 1157 coepit
595 1079 640 1137 ad
661 1083 784 1153 ostium
813 1081 1024 1160 obgrassoeque
1043 1081 1202 1159 amptum,
1225 1093 1261 1142 ut
1279 1103 1354 1142 aava

243 1163 338 1222 altari
350 1175 571 1242 superponent,
592 1163 697 1242 elapsa
709 1164 748 1222 de
761 1183 856 1222 manu
870 1165 1100 1246 eansmbatrsr
1112 1168 1147 1224 s'rs
1157 1167 1242 1225 ae'rm
1265 1177 1354 1227 um-

246 1252 304 1308 etsi
317 1247 448 1308 dubitari
462 1259 561 1329 potest
576 1267 616 1306 an
632 1253 722 1308 turris
740 1269 815 1309 voce
834 1251 1019 1330 intelligam
1032 1247 1081 1310 his
1097 1252 1171 1310 locis
1185 1255 1275 1312 turris
1293 1254 1353 1314 illa

247 1336 370 1410 ciborii,
399 1353 477 1415 quae
490 1353 507 1393 a
520 1333 658 1393 columba
670 1333 837 1414 pendebat,
868 1353 907 1394 an
923 1355 995 1395 vero
1010 1338 1101 1417 pyxis
1115 1339 1183 1416 ipsa
1195 1355 1250 1396 seu
1265 1337 1354 1396 cibo-

247 1422 341 1491 rium,
362 1417 444 1500 quod
455 1421 644 1478 &macrim
656 1430 744 1479 vocat
759 1419 832 1480 ordo
846 1422 1010 1480 Romanus.
1052 1439 1126 1480 nam
1139 1424 1171 1480 in
1184 1423 1352 1501 mniculis,

247 1525 304 1564 seu
317 1507 417 1584 potius
432 1507 542 1564 arcubs
555 1508 588 1564 in
602 1504 728 1564 modam
739 1507 952 1565 tunicularum
966 1506 1090 1580 affictis,
1112 1525 1173 1565 non
1188 1505 1279 1567 modo
1295 1527 1354 1569 sa-
1409 1507 1413 1518 '

249 1609 332 1648 oram
347 1589 559 1650 eucharistiam
577 1589 632 1650 sed
645 1601 676 1650 at
690 1602 807 1651 sanctas
821 1592 964 1672 reliquias
980 1589 1147 1650 reconditas
1159 1603 1290 1668 coastat,
1313 1603 1353 1654 ut

247 1679 397 1734 maiorum
410 1677 599 1751 cibariorum,
619 1679 653 1735 in
668 1678 777 1757 quibus
792 1675 894 1735 divium
908 1673 1059 1756 pendebat
1074 1675 1261 1753 eucharistia,
1281 1679 1352 1738 for-

247 1779 332 1820 mam
351 1759 576 1842 quodammodo
595 1763 757 1837 referrent3
793 1759 877 1821 unde
899 1762 1085 1822 Glossarium
1103 1763 1156 1821 Gr.
1179 1765 1247 1820 bat.
1268 1787 1352 1842 aup-

243 1841 404 1930 yeamipsoa
420 1859 451 1906 et
466 1849 632 1928 currictico
645 1847 827 1907 amentum
838 1859 869 1907 et
881 1850 1051 1907 amoarium
1063 1849 1161 1906 vertit.
1204 1857 1285 1906 certe
1308 1847 1351 1909 de

244 1933 383 2012 reliquiis
404 1935 437 1990 in
457 1935 608 1993 turribulis
629 1933 791 1994 reconditis
809 1944 935 1994 testatur
947 1935 1010 1994 Iseo
1025 1935 1125 1995 oroi
1145 1934 1186 1998 53
1210 1942 1241 1992 et
1261 1933 1283 1996 3
1306 1937 1351 1999 80

244 2027 277 2076 et
291 2020 397 2077 Petrus
412 2019 532 2081 meat
552 2023 605 2083 78.
648 2018 688 2078 da
703 2037 871 2079 samaraeo
883 2017 1064 2079 eucharistia
1079 2019 1273 2078 inturrioulie
1288 2037 1351 2077 au-

242 2104 304 2162 reis
323 2104 373 2162 vel
397 2106 546 2182 argenteis
566 2116 717 2164 asservata
740 2103 926 2180 laudandus,
959 2107 1011 2185 qni
1031 2107 1064 2162 in
1085 2105 1218 2162 ecclesiia
1235 2107 1350 2164 nostris

242 2184 345 2246 adbuc
363 2199 492 2267 perstat,
522 2209 589 2249 mos
608 2193 726 2269 insigne
746 2191 872 2270 praebet
889 2191 1112 2264 testimonium,
1141 2191 1173 2247 in
1193 2190 1301 2270 quibus
1314 2191 1350 2248 in

243 2274 465 2333 solennioribus
488 2276 573 2334 iestis
595 2276 708 2354 populo
726 2274 889 2355 spectanda
904 2286 933 2333 et
947 2273 1099 2333 adorande
1112 2275 1145 2332 in
1161 2276 1199 2332 iis
1215 2275 1350 2354 exponi-

243 2367 303 2433 tur,
319 2361 350 2416 in
365 2357 484 2418 editiori
499 2361 601 2419 altaris
616 2379 671 2418 seu
682 2361 869 2420 tabernaculi
879 2362 962 2420 loco:
984 2359 1039 2421 sed
1051 2362 1083 2420 in
1096 2359 1158 2419 allis
1170 2361 1349 2440 praesertim

244 2448 337 2505 morie
356 2444 498 2521 aedibus,
519 2449 552 2504 in
570 2446 679 2527 quibus
693 2466 756 2506 uon
772 2449 827 2506 sub
845 2448 985 2507 columba
1001 2457 1053 2505 aut
1067 2466 1084 2505 a
1098 2448 1243 2525 superiori
1261 2447 1349 2505 cibo·

243 2532 283 2588 rii
299 2541 384 2609 parte
398 2529 527 2609 pendet:
557 2550 629 2590 nam
644 2534 677 2589 in
695 2534 733 2591 iis
751 2550 902 2613 nusquam
916 2534 976 2593 alio
989 2550 1072 2591 sacra
1087 2528 1266 2590 eucharistia
1278 2532 1346 2591 toeo

244 2615 406 2695 spectanda
417 2620 586 2697 exponitur.
611 2620 704 2676 moris
716 2622 829 2698 quippe
841 2621 927 2677 istius
941 2616 1080 2677 hodierni
1086 2616 1158 2675 inde
1166 2619 1249 2695 origo
1257 2615 1347 2677 ride-

244 2710 296 2758 tur
310 2712 444 2782 aumpta,
467 2712 503 2760 ut
515 2713 546 2760 et
560 2722 643 2761 sacra
657 2701 836 2762 eucharistie
850 2715 880 2763 et
895 2722 967 2763 vasa
985 2704 1095 2782 ipsein
1111 2702 1220 2783 quibus
1238 2720 1347 2760 recon-

120 2841 124 2855 ι
245 2783 328 2843 ditur
349 2788 381 2845 in
405 2790 477 2847 tntis
497 2789 571 2847 locis
589 2799 793 2863 asserventur,
825 2808 866 2847 ne
884 2790 971 2848 furtis
995 2798 1126 2868 pateant.
1169 2785 1250 2845 unde
1263 2784 1347 2867 quud

244 2874 334 2931 certis
352 2870 458 2933 diebus
474 2884 658 2932 murtrum
669 2872 809 2933 fidelibus
825 2894 907 2934 sacra
924 2878 957 2933 in
975 2876 1013 2933 iis
1035 2883 1185 2931 aseemta
1207 2869 1348 2931 euchari-

245 2960 320 3032 stia,
349 2958 499 3019 eiusmodi
521 2978 603 3018 sacra
627 2978 697 3017 rasa
719 2963 881 3019 ostensoria
904 2971 934 3018 et
953 2960 1168 3017 momtrarstiae
1181 2960 1348 3017 etiamnum

245 3045 445 3123 appellantur,
463 3049 639 3125 praesertim
649 3048 681 3102 iu
694 3047 856 3105 Germania
868 3056 898 3105 et
910 3044 1033 3123 Belgi03
1055 3044 1164 3125 quibus
1175 3046 1207 3101 in
1221 3045 1348 3122 provin-

245 3133 299 3187 oiis
314 3133 345 3188 in
357 3134 447 3189 turris
465 3135 597 3209 speciem
611 3149 730 3210 semper
746 3132 844 3189 efficta
858 3140 938 3205 suut,
959 3141 994 3189 ut
1008 3120 1083 3188 olim
1097 3132 1131 3188 in
1146 3130 1271 3187 Francia
1286 3146 1347 3187 no·-

244 3224 321 3288 stra,
352 3214 391 3273 de
404 3234 465 3297 quo
476 3236 561 3275 more
576 3219 638 3295 egit
650 3218 821 3295 (iropperus
834 3220 867 3275 in
884 3218 968 3275 libris
989 3214 1027 3275 de
1043 3212 1221 3273 eucharistia
1236 3234 1265 3291 p.
1282 3213 1346 3277 460

135 3294 160 3349 Ρ
175 3292 228 3350 675
245 3310 276 3357 et
287 3302 397 3359 Fronto
409 3304 547 3360 llucaeus
560 3302 599 3359 a‘d
611 3303 773 3360 Paulinum
787 3322 817 3381 1>-
832 3304 894 3367 785
911 3306 984 3382 quin
1000 3310 1031 3360 et
1044 3298 1115 3359 inde
1129 3300 1290 3369 turribulis,
1311 3300 1346 3355 in

244 3386 353 3465 quibus
369 3406 470 3444 sacrae
486 3389 631 3468 reliquiae
644 3386 855 3461 reconduntur,
869 3385 901 3443 id
914 3390 1045 3446 nominis
1058 3387 1162 3445 tribuit
1175 3382 1346 3443 Cbmnicon

243 3472 340 3529 dulae
356 3474 469 3550 Regiae
483 3490 509 3529 c.
529 3480 566 3536 17
580 3483 612 3531 et
623 3484 726 3531 auctor
740 3471 906 3531 Bobemiae
921 3474 1003 3546 Piae,
1026 3492 1056 3551 p.
1072 3474 1113 3535 99
1126 3480 1156 3528 et
1173 3470 1242 3533 105.

327 3559 380 3620 63.
423 3559 566 3617 Diximus
577 3561 611 3615 in
624 3559 776 3617 turriculis
792 3560 824 3616 in
840 3558 943 3617 ciborii
956 3559 1077 3616 maioris
1091 3558 1223 3635 speeiem
1237 3552 1345 3611 affictis

242 3639 366 3699 recondi
379 3642 527 3721 pyxides,
550 3662 628 3723 quae
642 3662 741 3703 sacras
760 3639 956 3703 eucharistiae
971 3642 1132 3723 particulas
1151 3638 1345 3697 adriaticum

166 3793 170 3801 ¹
243 3738 408 3787 mserratae
422 3729 624 3786 continebant.
654 3728 792 3787 observat
804 3732 916 3810 quippe
929 3730 1077 3787 Honorius
1087 3723 1346 3804 augustodunen-

242 3812 285 3869 sis
301 3808 339 3868 de
353 3815 476 3892 antiquo
490 3816 561 3872 ltitu
573 3815 683 3872 Missae
699 3822 713 3876 1
732 3816 790 3879 64:
811 3814 944 3872 oblatam
957 3832 1017 3871 nors
1031 3815 1181 3891 mtegram
1193 3819 1348 3889 sumptam

241 3897 318 3954 olim
331 3916 348 3953 a
362 3898 516 3958 sacerdote
529 3918 612 3957 sacra
625 3900 766 3973 faciente,
789 3900 844 3959 red
854 3902 888 3956 s'rs
901 3900 960 3957 trra
973 3900 1116 3968 diruam,
1138 3916 1234 3955 umam
1245 3900 1278 3953 irs
1290 3914 1346 3951 cce-

241 3978 330 4038 licem
349 3985 487 4055 miserum
508 3985 599 4043 aliud
617 4006 639 4042 a
658 3986 809 4043 εαοενάοεε
823 3994 1046 4063 consumptum,
1067 3985 1187 4041 tertirsm
1204 3985 1238 4038 s'n
1251 3981 1347 4059 pyxi-

243 4066 312 4125 dem
327 4070 479 4127 neoriturs'e
489 4073 533 4129 od
542 4074 688 4128 cracem
700 4074 873 4148 repositum.
905 4072 996 4151 pyxis
1009 4070 1073 4144 illa,
1095 4068 1145 4127 rel
1159 4077 1238 4125 certe
1252 4066 1346 4123 turri-

242 4152 310 4209 cula
326 4156 474 4232 cumipse
491 4155 624 4237 pyxide,
654 4154 800 4214 ciborum
816 4159 917 4213 missus
930 4166 959 4215 et
972 4156 1161 4213 diaetarum
1176 4150 1346 4231 appellatur

241 4238 275 4295 in
285 4236 390 4296 ordine
399 4242 553 4315 Romano,
567 4260 632 4321 cap.
645 4239 729 4321 quod
742 4244 916 4301 inscribitur
925 4240 1080 4321 praefatio
1093 4239 1217 4298 mucoris
1230 4235 1346 4295 ueliti-

121 4372 124 4377 .
241 4323 483 4383 meam.
507 4328 771 4408 lemmaseqnitur
781 4324 980 4388 haeoorsdor
1002 4322 1346 4398 mandimus
