3000 4850
239 297 314 372 -96
702 297 765 369 DU
792 293 933 366 eman

262 461 357 568 pendi
369 463 540 545 praecepit:
562 461 642 547 βῆλα
656 467 840 548 παραχρῆμα
852 460 987 529 lullum
996 463 1218 572 κρεμασθῆναι,
1239 464 1384 530 θιασιιι-

261 547 393 630 λα’μινος
405 555 472 624 ταῖς
487 550 625 632 γυναιξὶν
639 548 681 626 ola
696 552 782 625 εἴτις
798 551 855 627 ἔξω
869 553 931 613 scis
944 545 1048 632 βήλιον
1059 543 1149 637 ι’φθῇ
1163 545 1382 614 trasimirus«

261 641 320 744 τῆς
342 637 433 709 delur
453 637 638 718 λειτουργίας
660 634 837 718 γινομένης,
859 634 1044 712 ἐξωθιῖσθαι
1066 639 1122 714 τῆς
1141 633 1302 717 ἐκκλησλας
1318 636 1382 700 scol

262 716 472 800 οἶνοινιῦνηιον
495 720 606 804 μένειν.
648 722 683 780 in
704 719 954 797 catechumeniis,
977 739 1012 779 ac
1028 718 1135 780 dextra
1153 741 1257 782 eorum
1271 726 1381 802 potis-

261 811 374 870 simum
398 817 499 886 perte,
531 818 647 866 coactas
665 806 808 888 synodos
831 827 893 866 non
916 807 1011 867 semel
1033 807 1175 886 legimus.
1232 817 1380 867 octavam

261 897 344 953 anim
366 889 518 996 synodum
539 892 572 957 ἐν
590 898 655 967 τοῖς
678 894 789 970 δεξιοῖς
812 889 913 974 μέρεσι
938 895 1001 955 τῶν
1026 893 1286 972 κατηχονμενείων
1313 917 1378 956 sou

260 1001 458 1059 περιωννμον
480 983 558 1040 ναοῦ
574 982 632 1058 τῆς
649 983 707 1041 soti
729 983 810 1040 θεοῦ
830 979 939 1056 σοφίας
959 978 1141 1036 celebratam
1156 980 1248 1038 fnisse
1266 989 1380 1038 auctor

261 1074 307 1124 est
319 1065 438 1123 Nicetes
453 1061 632 1167 Paphlago
623 1081 656 1120 m
669 1066 737 1123 Vita
750 1065 862 1144 Ignatii
874 1061 1062 1143 patriarchae
1078 1063 1138 1122 GP.
1172 1074 1271 1124 exstat
1287 1062 1379 1144 apud

259 1149 509 1210 Leunclavium
500 1169 533 1207 m
538 1150 686 1256 Syuopsi
703 1149 797 1210 Basll.
815 1146 968 1208 decretum
981 1145 1105 1255 synodi,
1128 1147 1378 1231 προκαθημένου

260 1259 316 1299 εον
343 1227 513 1316 dyscsscisoc
538 1228 682 1298 Ἰωάννου
706 1229 919 1340 πριιριοὶρχρν
914 1231 948 1297 ἐν
968 1239 1032 1309 τοῖς
1053 1235 1163 1310 δεξιοῖς
1185 1233 1286 1317 μέρεσι
1306 1237 1379 1298 τῶν

261 1321 539 1401 impraeparatos,
565 1314 875 1401 σννιθριοζόνταν’
833 1321 919 1403 αυτῷ
932 1341 1166 1396 πανιεροιιαιιον
1182 1325 1378 1402 corporolia-

259 1429 331 1469 ταν.
377 1403 526 1465 eandem
516 1408 743 1484 inscriptionem
757 1405 889 1485 praefert
895 1383 1060 1464 Michaelis
1078 1405 1222 1464 Cernlarii
1238 1407 1378 1484 patriar-

261 1489 337 1550 chae
360 1488 398 1548 de
416 1492 548 1570 proiecto
564 1493 687 1572 pittacio
704 1490 873 1564 decretum,
896 1487 978 1570 apud
992 1491 1138 1549 Allatium
1153 1491 1277 1550 Dissert.
1293 1493 1314 1552 2
1332 1489 1377 1550 de

261 1578 330 1636 Lib.
354 1576 428 1635 eccl.
453 1577 558 1634 Graec.
600 1578 634 1634 in
657 1576 891 1635 catechumeuiis
906 1573 1035 1658 denique
1052 1575 1214 1656 Sophianis
1229 1575 1379 1657 quando-

263 1681 325 1744 que
347 1671 480 1720 coactam
501 1662 623 1741 plebem
639 1672 740 1721 namet
757 1663 869 1722 Paulus
884 1662 1034 1720 Diaconus
1048 1663 1160 1721 Hister.
1174 1663 1261 1720 illisa.
1277 1661 1299 1720 l.
1315 1665 1378 1728 21.

264 1767 322 1806 nec
343 1749 471 1823 mirum,
493 1767 562 1806 cum
587 1749 688 1828 ampla
709 1745 875 1807 admodum
896 1758 962 1806 tum
982 1745 1142 1806 latitudine
1157 1757 1222 1806 tum
1235 1749 1379 1826 lonffl'tu-

264 1831 336 1892 diue
358 1842 476 1908 essem,
497 1835 543 1891 uti
562 1853 638 1893 mox
660 1853 700 1894 ex
720 1835 858 1892 aularum
873 1829 912 1891 ad
929 1833 993 1892 alas
1008 1835 1088 1895 ναοῦ
1104 1835 1298 1892 existentium
1313 1829 1378 1891 de-

264 1921 427 2000 scriptione
440 1918 581 1997 colligere
594 1930 649 1980 est.
692 1939 780 2000 porro
795 1935 938 1998 magnam
950 1920 1115 1997 porticum,
1137 1935 1215 2000 quas
1227 1937 1286 1977 una
1299 1937 1377 1978 cum

262 2005 382 2064 bemate
407 2015 437 2064 et
459 2007 530 2063 tecti
550 2016 636 2085 parta
650 2025 690 2065 ex
704 2017 802 2066 terrae
816 2015 902 2064 motu
916 2014 1083 2080 corruerat,
1105 2023 1184 2063 anno
1208 2014 1377 2083 antequam

260 2092 389 2150 loannes
412 2091 637 2151 Cantacuzenus
658 2093 841 2171 Byzantium
864 2092 1008 2171 cepisset,
1040 2091 1217 2149 instauravit
1236 2092 1376 2169 primum

260 2179 351 2236 Anna
373 2178 566 2255 imperatrix,
587 2173 755 2237 Andronici
773 2177 948 2255 Palasologi
968 2173 1076 2248 vidua3
1105 2177 1155 2234 cui
1174 2173 1376 2255 postmodum

261 2265 347 2342 operi
359 2263 425 2339 ipse
439 2261 665 2320 Cantacuzenus
685 2282 720 2320 ac
739 2259 869 2342 denique
883 2265 1010 2322 loannes
1022 2261 1223 2340 Palaeolcgus
1236 2263 1376 2339 impera-

261 2355 342 2405 tores
365 2357 533 2405 extremam
554 2367 681 2406 manum
700 2349 883 2429 imposuere.
925 2367 991 2407 rem
1008 2345 1146 2428 pluribus
1167 2356 1269 2406 narrat
1285 2344 1375 2406 idem
1484 2373 1485 2393 ι

260 2434 485 2493 (lantacuzenus
507 2432 528 2495 4
551 2432 583 2495 4.

347 2520 398 2581 89.
441 2522 546 2598 Neque
566 2528 670 2575 tamen
691 2526 773 2577 reeta
796 2516 878 2577 linea
899 2515 1065 2598 procedunt
1082 2518 1115 2577 in
1133 2518 1274 2575 interiora
1294 2514 1375 2575 aede

260 2604 404 2683 porticus.
448 2622 520 2660 nam
545 2606 624 2662 inter
645 2614 787 2684 quattuor
809 2606 938 2663 maiores
958 2605 1036 2683 pilas
1058 2603 1096 2662 ab
1116 2615 1244 2684 utroque
1264 2602 1374 2677 latere,

262 2688 302 2747 ad
324 2685 484 2747 meridiem
507 2699 536 2747 et
559 2686 599 2747 ad
618 2692 871 2769 septentrionem,
894 2690 936 2746 ita
951 2690 1035 2748 velut
1051 2690 1116 2748 alae
1132 2707 1282 2768 appensae
1300 2698 1376 2747 sunt

260 2784 322 2833 tres
343 2775 430 2832 aulae
451 2772 608 2833 inferiores
623 2785 654 2832 et
666 2772 794 2835 totidem
809 2777 991 2854 superiores,
1013 2785 1049 2833 ut
1067 2774 1104 2833 ab
1120 2778 1182 2833 imo
1196 2776 1375 2853 pavimento

154 2868 176 2921 Ρ
194 2863 248 2923 552
262 2879 334 2940 pars
348 2860 402 2919 illa
419 2858 502 2919 aedis
519 2862 644 2919 interior
656 2870 685 2919 et
698 2858 817 2936 media,
838 2863 946 2939 ingens
962 2870 991 2917 et
1005 2878 1116 2935 sacua,
1136 2857 1278 2939 procedat
1293 2876 1376 2937 qua-

263 2944 348 3004 drata
371 2965 468 3027 usque
492 2943 533 3004 ad
559 2956 748 3005 curvaturam
770 2948 961 3025 superiorum
983 2946 1136 3019 aularum,
1162 2943 1270 3003 deinde
1292 2946 1375 3002 intra

262 3041 330 3092 octo
349 3032 428 3111 pilas
447 3033 480 3089 in
500 3043 620 3091 oratam
635 3030 767 3090 sannam
784 3028 992 3105 contrahatur,
1014 3029 1163 3111 usquead
1181 3040 1375 3088 curvaturam

260 3127 403 3199 quattuor
430 3136 555 3175 arcuum
582 3120 795 3177 sustinentium
823 3113 1090 3196 hemisphaerium.
1134 3114 1215 3174 unde
1237 3116 1271 3173 fir
1289 3125 1324 3173 ut
1347 3118 1374 3173 si

262 3222 332 3281 pars
354 3202 407 3259 illa
434 3200 637 3261 consideretur
657 3200 873 3282 comprehensa
895 3204 974 3261 intra
994 3202 1072 3282 pilas
1090 3210 1120 3259 et
1137 3203 1309 3275 columnas,
1331 3203 1373 3258 sit

262 3288 361 3346 forma
374 3298 477 3361 ovata3
500 3290 527 3347 si
543 3308 613 3348 reru
628 3297 690 3346 tam
704 3291 783 3347 intra
797 3306 890 3369 quam
906 3298 992 3347 extra
1007 3289 1084 3366 pilas
1098 3288 1307 3367 perspiciatur,
1330 3288 1372 3345 sit

286 3370 423 3430 uadrata·
467 3372 551 3431 aulas
565 3376 637 3432 istas
652 3372 793 3431 eubiculo
808 3383 915 3432 vocant
934 3376 1110 3451 scriptores,
1133 3392 1261 3453 quorum
1279 3390 1373 3429 usum

263 3392 406 3516 describit
427 3459 573 3517 Paulinus
596 3461 683 3537 epist.
708 3461 763 3533 12,
787 3458 838 3516 ubi
858 3457 896 3517 da
920 3458 1034 3538 templo
1055 3458 1087 3518 S.
1105 3458 1214 3517 Felicis
1235 3457 1372 3517 Nolano:

262 3541 405 3601 cubicula
418 3544 502 3601 intra
511 3546 648 3622 porticus
661 3555 809 3625 quaterna
819 3544 918 3625 longis
931 3541 1075 3602 basilicae
1087 3540 1232 3603 luteribus
1243 3544 1373 3613 inserta,

262 3631 381 3687 secretis
395 3630 547 3687 orantium
562 3630 613 3688 vel
626 3632 660 3688 ιἰι
676 3630 742 3711 lege
760 3630 876 3688 domini
891 3630 1100 3687 meditantium
1102 3672 1115 3701 ,
1133 3639 1291 3707 praeterea
1307 3646 1374 3684 ma-

262 3716 365 3772 nsoriis
377 3713 586 3795 religiosorum
598 3714 853 3795 cosamilmrium
866 3714 1105 3773 accommodatus
1119 3715 1164 3773 ad
1172 3716 1262 3793 puers
1274 3722 1375 3770 oetes-
1432 3764 1436 3773 .

261 3820 320 3858 nae
332 3801 463 3879 requiem
476 3800 556 3859 locos
566 3800 721 3902 praebent.
754 3803 948 3861 Anastasius'
940 3820 973 3859 ιιι
986 3802 1071 3881 Scrg'
1045 3820 1092 3859 ⁰10
1105 3802 1172 3858 FP:
1196 3799 1246 3857 hie
1262 3809 1375 3857 ιιοιιιιιι

262 3896 292 3943 at
307 3884 449 3943 cubicula
465 3889 608 3945 ursiversa
628 3890 662 3945 ιἰι
681 3888 811 3945 circuitu
831 3885 974 3945 basds'cue
995 3886 1037 3944 B.
1062 3884 1160 3945 Pauli
1180 3883 1310 3981 apostoli
1328 3916 1375 3928 -

260 3971 424 4029 stadelarius
450 3974 609 4030 renovavit
630 3992 669 4031 ac
697 3974 860 4050 reparavit.
906 3970 1055 4031 eiusmodi
1080 3956 1285 4030 cubiculorum
1309 3986 1375 4027 non

261 4057 357 4115 semel
380 4056 453 4115 alibi
475 4059 630 4133 meminit,
654 4076 671 4115 a
693 4058 803 4139 quihus
817 4058 1002 4138 capellarum
1014 4067 1202 4131 nostrarum,
1225 4058 1271 4115 uti
1289 4072 1374 4112 nnuc

262 4142 470 4225 appellantur,
493 4145 577 4222 origo
597 4140 718 4201 ridetur
739 4141 908 4223 desumpta.
952 4144 1082 4207 οἶκλσιιοι
1099 4140 1286 4201 dicunturS·
1302 4138 1374 4198 Nll⁰

262 4226 302 4284 sd
324 4226 575 4308 Olympiodorum
596 4230 812 4309 praefectum
803 4249 835 4287 m
858 4230 1065 4309 Descriptione
1086 4229 1193 4309 templi
1208 4226 1246 4286 ab
1264 4222 1375 4285 eodem

262 4310 479 4395 Olympiodoro
495 4316 658 4375 exstructi:
679 4312 714 4380 lv
730 4312 765 4380 dl
779 4318 825 4402 spi
842 4336 937 4402 κοινρι
925 4314 1030 4401 clap
1048 4317 1172 4392 πολλοῖς
1190 4310 1242 4377 sul
1260 4302 1376 4392 διαφό-
