3000 4850
375 325 380 334 ·
458 388 461 393 ,
576 316 823 389 rnrnrrrro.
1188 338 1256 388 m
1309 287 1317 303 '

142 493 254 574 legitur
261 487 416 573 Prooybov
428 478 572 553 διακόνου
586 492 640 567 τῆς
652 482 739 569 dying
752 484 978 565 ὒκκλησίαςεοῦ
985 486 1135 563 Πισίδους
1145 489 1256 570 προοί-

144 618 216 679 μιον
229 596 288 675 τῆς
298 588 483 675 Ἑξαημέρου
495 586 537 653 dr'
555 585 811 672 ἱᾶμβωνωίχων,
833 599 913 648 recte
927 588 1051 649 omnino
1067 593 1184 670 colligit
1197 590 1256 652 hoc

145 718 220 778 opus
240 714 307 755 essa
327 692 476 776 ἔμμετρον
498 702 529 751 et
547 706 637 753 verta
658 686 878 773 conscriptum,
900 690 956 750 sed
968 711 1128 772 perperam
1144 692 1256 753 deinde

146 804 248 862 statuit
271 800 357 857 mille
380 800 567 877 octingentos
588 798 740 876 octoginta
762 794 899 857 eiusdem
920 797 1020 875 operis
1034 815 1156 871 versus,
1178 817 1255 877 quos

146 904 288 963 habuisse
317 920 390 981 prae
418 900 559 961 manibus
580 898 676 957 editos
698 896 853 973 adfirmat,
886 896 970 957 aliud
989 918 1137 957 noneste
1162 917 1257 980 quam

146 1006 301 1091 quoddam
320 997 603 1093 totius'argumsnti
624 1003 829 1081 prooemium,
851 1000 933 1081 quod
955 1005 1047 1061 etiarn
1071 1004 1195 1061 Vossius
1216 1003 1257 1061 do

147 1112 231 1169 Hire.
259 1109 367 1167 Graec.
391 1116 461 1165 tom.
479 1106 500 1171 4
511 1128 547 1184 p.
569 1102 647 1179 143,
668 1102 780 1163 Raderi
799 1108 975 1163 auctoritate
993 1114 1114 1179 motus,
1135 1107 1256 1183 impru-

148 1212 253 1271 denter
273 1212 409 1269 emeruit.
453 1212 556 1289 ecquis
576 1210 659 1265 enirn
678 1226 740 1266 non
755 1208 899 1288 intelligit
912 1212 944 1267 in
960 1208 1063 1267 codice
1075 1210 1255 1288 Augustano

148 1334 254 1374 rocem
268 1314 432 1395 προοίμιον
444 1310 528 1371 idem
538 1312 629 1391 plane
641 1330 747 1369 sonare
761 1328 798 1368 ac
812 1304 890 1391 ἆρχὴ
903 1314 960 1373 τοῦ
971 1310 1157 1393 Ἑξαημέρου
1164 1356 1174 1388 ,
1194 1310 1256 1377 hot)

149 1429 194 1476 est
214 1419 337 1474 initium
355 1416 556 1488 Hexab'mcrr',
583 1415 635 1472 vel
654 1415 765 1493 inor'prit
783 1413 1016 1471 Hexae'maron?
1060 1414 1128 1494 quis
1153 1427 1255 1477 eutem

150 1518 252 1578 credat
273 1519 357 1598 operi
376 1523 468 1577 trium
494 1520 628 1579 millium
646 1537 809 1592 versuum,
836 1526 871 1575 ut
890 1514 990 1594 p'lacet
1011 1515 1141 1594 Snidae,
1168 1521 1255 1578 milis

149 1625 389 1701 octingentorum
404 1631 435 1679 et
450 1623 601 1700 octoginta
616 1640 681 1679 esse
696 1620 833 1679 affixum
839 1617 1053 1697 prooemium'b
1095 1619 1151 1681 sed
1163 1633 1193 1682 et
1206 1624 1255 1681 le-

150 1728 233 1805 genti
252 1734 336 1804 patet
357 1726 540 1783 Hexaiimeri
553 1727 743 1801 prooemium
756 1732 891 1783 constare
903 1732 1024 1781 tantum
1035 1726 1255 1805 qulnquaginta

149 1828 297 1907 prioribus
312 1826 441 1901 iambis,
462 1836 531 1905 post
544 1845 621 1907 quos
635 1831 738 1887 statim
749 1828 856 1904 incipit
869 1830 979 1903 poema
993 1845 1029 1884 eo
1045 1846 1149 1903 versu,
1170 1824 1254 1910 πηγὴ

151 1926 205 2011 μὲν
220 1922 280 1994 odo
293 1926 413 2008 πέφυκε
425 1931 481 1989 rori
494 1924 585 2009 λόγου
601 1930 665 2010 μία.
698 1927 866 1989 secundom
878 1930 988 1987 erravit
998 1927 1150 2005 Eudorus,
1173 1930 1256 2011 quod

150 2032 285 2091 Pisidam
297 2030 620 2111 scripsisse'bistoriam
632 2032 669 2090 dc
679 2031 827 2090 Heraclio
838 2026 1049 2112 καταλογάδην
1061 2030 1152 2108 dicat,
1174 2036 1257 2093 eius-

152 2155 210 2217 que
224 2137 269 2194 rei
283 2146 393 2195 testem
406 2132 534 2193 Suidam
547 2132 707 2211 exhibeat,
731 2132 813 2215 quod
833 2154 899 2192 esse
911 2133 1023 2193 falsum
1040 2136 1114 2194 alibi
1127 2134 1257 2197 demon-

151 2249 276 2298 stratum
289 2248 344 2300 est.
386 2256 459 2295 nam
473 2256 551 2317 quae
564 2236 676 2297 Suidas
687 2240 730 2296 eit
741 2240 896 2317 scripsisse
906 2234 1043 2296 Pisidam
1056 2236 1095 2297 de
1106 2241 1257 2317 Heraclio,

150 2341 258 2401 iambis
275 2340 422 2401 contineri
435 2339 584 2415 vidimus,
608 2329 666 2399 uec
686 2341 785 2399 ullam
801 2342 895 2399 aliam
909 2338 1069 2399 historiam
1085 2342 1258 2424 lexicogra-

150 2441 229 2522 phus
241 2454 407 2520 memorat,
430 2443 469 2502 ad
483 2465 576 2527 quarn
587 2442 750 2504 chronicon
762 2443 910 2504 Paschalc
923 2446 1029 2504 referri
1041 2458 1154 2526 posset.
1195 2451 1258 2508 ite·

153 2567 210 2628 que
236 2565 305 2606 cum
330 2549 503 2608 Herwartus
525 2559 591 2606 tum
615 2547 752 2608 Raderus
774 2550 807 2606 in
830 2547 943 2608 Suidae
960 2560 1049 2608 textu
1066 2550 1259 2631 explanando

152 2651 221 2710 falsi
241 2660 328 2709 sunt:
350 2647 406 2708 aed
427 2653 545 2730 turpius
567 2654 760 2728 Herwartus,
782 2655 837 2733 qui
858 2673 899 2710 ex
922 2672 958 2712 eo
978 2654 1124 2732 gloriatur
1142 2659 1175 2713 in
1195 2657 1259 2716 suis

32 2765 41 2778 ·
158 2753 315 2832 Capitibus
340 2752 450 2815 Obron.
474 2752 626 2814 detexisse
640 2754 777 2814 eiusdem
789 2753 923 2815 chronici
936 2753 1091 2815 paschalis
1106 2769 1259 2817 auctorem

154 2877 217 2916 esse
235 2853 389 2931 Pisidam,
411 2877 467 2916 nec
485 2860 579 2916 sensit
596 2876 689 2939 quam
706 2861 745 2918 sit
763 2861 903 2940 ineptum
916 2857 976 2918 hoc
990 2857 1167 2935 adfirmare,
1190 2881 1260 2919 cum

155 2959 262 3020 fluidas
287 2957 369 3018 dicat
391 2958 529 3019 Pisidam
547 2961 677 3021 iambico
698 2972 796 3022 metro
821 2984 887 3023 esse
909 2983 1015 3038 usum,
1043 2973 1074 3021 et
1094 2960 1258 3020 chronicon

154 3062 300 3124 Paschale
315 3065 412 3122 solnta
426 3065 559 3124 oratione
572 3067 611 3123 sit
623 3075 792 3126 exaratum.
836 3077 867 3125 at
890 3064 1026 3125 liuderus
1048 3073 1151 3122 contra
1171 3065 1258 3124 nullo

156 3165 246 3226 modo
262 3185 301 3225 ex
315 3165 411 3226 Suida
428 3167 533 3247 affingi
548 3187 635 3248 posse
648 3166 771 3228 Pisidae
788 3165 847 3229 hoc
860 3168 1022 3228 chronicon
1034 3177 1114 3227 recte
1131 3177 1258 3227 conten-

157 3267 210 3346 dit,
233 3267 286 3328 sed
298 3271 380 3328 male
392 3264 494 3350 ipsrnn
506 3269 643 3330 Pisidam
655 3268 799 3331 historiae
814 3271 971 3332 cuiusdam
984 3273 1180 3331 Heraclianae
1192 3291 1259 3332 esse

155 3383 308 3432 auctorem
326 3372 473 3451 concedit.
511 3377 584 3456 quin
599 3376 692 3432 etiarn
705 3372 869 3435 chronicon
880 3378 1035 3455 scripsisse
1047 3373 1184 3434 Pisidarn
1196 3396 1260 3442 nou

154 3475 245 3536 audet
269 3479 392 3535 omnino
415 3496 542 3556 negare:
571 3496 644 3536 uam
667 3475 751 3536 aliud
772 3476 934 3538 chronicon
950 3499 1137 3558 anonymum
1158 3497 1207 3538 ms
1228 3480 1261 3536 in

154 3577 337 3640 bibliotheca
357 3580 477 3659 collegii
497 3583 616 3640 Annaei
633 3583 811 3659 Augustana
832 3602 865 3641 se
887 3581 1000 3643 vidisse
1016 3593 1158 3657 testatur,
1181 3579 1264 3662 quod

154 3703 194 3742 ex
210 3681 318 3743 Pisida
340 3693 370 3742 et
391 3685 504 3763 cyrillo
525 3683 699 3762 decerptum
717 3681 826 3743 dicitur
840 3688 872 3743 in
885 3683 1077 3766 Epigraphe‚
1100 3689 1262 3766 statimque

153 3788 185 3844 in
208 3788 359 3866 principio
383 3787 476 3852 refert
498 3783 580 3866 apud
601 3787 767 3866 Georgium
785 3786 922 3848 Pisidsm
934 3787 1045 3848 Adami
1058 3789 1138 3848 filias
1150 3790 1263 3867 primas

154 3889 288 3949 alteram'
302 3892 435 3948 Aznram
459 3891 586 3950 alteram
597 3892 713 3949 Asnam
727 3895 895 3968 nominari3
917 3891 1000 3952 unde
1013 3891 1150 3952 Raderus
1167 3892 1264 3950 conii-

155 3991 251 4050 ciebat
265 3989 428 4052 chronicon
440 3992 580 4068 Pisidas,
602 3995 629 4053 si
641 3993 725 4076 quod
737 4014 875 4076 unquam
886 3997 962 4073 fnit,
984 4017 1003 4054 a
1017 3994 1159 4056 Paschali
1173 3991 1263 4052 chro-

155 4099 221 4155 nico
235 4117 301 4158 esse
315 4095 479 4174 diversum,
500 4100 534 4156 in
551 4117 611 4178 quo
626 4117 683 4156 nec
697 4100 798 4157 Asuac
810 4119 869 4157 nec
883 4100 1078 4158 Azurasulla
1090 4096 1260 4169 fitpnentio.

154 4215 210 4256 nos
229 4211 333 4260 autern
350 4201 470 4260 nullum
490 4219 626 4281 unquam
650 4199 813 4262 chronicon
831 4205 986 4282 scripsisse
999 4199 1135 4260 Pisidam
1152 4198 1261 4255 existi-

156 4319 294 4365 mamus:
316 4323 389 4364 nam
407 4307 465 4364 etsi
480 4303 644 4364 concedere
660 4305 792 4366 velimus
807 4304 926 4365 Radere
940 4314 1060 4365 exstars
1076 4299 1213 4363 codicem
1227 4303 1262 4360 in
