3000 4850
453 323 706 424 antonno
730 355 765 423 s.
790 355 979 425 scamas„
1216 355 1265 430 οι
1298 345 1334 368 ’·

153 529 326 600 referrent3
348 521 429 584 anda
448 516 535 587 dori
552 523 604 582 vet
621 517 704 586 (δοιοί
718 520 881 584 dictasunt
896 521 1044 584 eiusmodi
1061 521 1210 598 aedificia,
1232 535 1268 584 ut

152 613 247 673 illud
262 609 342 694 qaod
358 603 465 674 ω’ωεδν
478 609 611 690 appellat
626 611 707 668 Ioles
720 631 752 689 p.
770 612 848 685 172,
870 630 924 671 aaa
940 605 1052 684 ὄαρον,
1074 613 1118 669 uti
1135 611 1267 689 praefert

155 699 259 758 editio
276 698 390 776 Regia,
412 705 444 754 et
459 696 622 776 inpalatio
636 697 918 772 exstitisre'aarrat3
940 695 1020 777 quod
1034 694 1110 754 iliud
1124 695 1206 754 idern
1221 705 1267 754 est

157 783 251 866 qaod
265 795 352 841 antea
365 777 505 844 θοίοπόν
519 791 549 839 et
561 785 707 862 τροῦλλον
717 779 876 841 vocabant.
920 800 990 840 oum
1009 782 1101 860 igitar
1121 779 1268 861 sphaerae

156 872 298 950 speciem
321 865 545 948 quodammodo
566 865 739 942 exhiberet,
761 864 831 926 ideo
852 867 985 945 σφαίρας
1004 869 1127 926 nomine
1141 865 1269 925 donatur

157 975 182 1013 a
209 958 324 1014 zonara
344 973 407 1012 non
429 953 541 1028 semel,
562 963 595 1011 et
618 953 704 1012 aliist
724 971 796 1010 naar
822 961 853 1011 et
874 953 997 1012 trullam
1013 955 1108 1012 instar
1122 949 1270 1032 sphaerae

156 1041 279 1122 ubique
296 1040 411 1099 uoueri
427 1037 506 1096 dixit
523 1038 711 1098 silentiarius
726 1057 756 1096 r.
772 1033 833 1110 74:

330 1122 480 1205 ἐγρομένη
495 1116 525 1187 δ’
539 1116 716 1203 ίφιίπερθεν
730 1122 762 1197 u
775 1118 906 1188 δι’πίιιυν
915 1115 991 1202 η’ίρα
1006 1115 1106 1204 πῆίηξ

329 1205 466 1272 sinclis
482 1205 539 1288 pit
554 1206 727 1290 σφαιρηδὸν
741 1207 904 1286 iliatam,
927 1203 977 1273 oia
993 1205 1028 1272 di
1044 1202 1175 1292 φαιδρδς

331 1289 463 1376 οδρανδς
475 1287 667 1375 ἆμφιβίβηιιε
681 1288 775 1374 δόμου
788 1291 908 1370 σιιὲπαρ.

161 1389 258 1461 atqua
278 1375 356 1438 haec
375 1378 500 1460 quidem
520 1377 640 1439 testudo
661 1381 706 1438 ita
725 1381 833 1460 parieti
850 1380 937 1438 tereti
950 1379 1130 1458 imponitur,
1150 1387 1185 1437 ut
1197 1397 1271 1458 pro-

161 1477 237 1547 pter
253 1465 337 1523 illius
356 1467 535 1523 tenuitatem
551 1483 613 1523 non
625 1464 731 1523 firmae
743 1467 834 1524 inniti
848 1465 979 1524 fabricae
994 1461 1048 1524 aed
1061 1483 1151 1524 aurea
1165 1473 1271 1523 catena

163 1550 208 1610 de
229 1550 312 1610 caelo
328 1548 462 1630 pendere
478 1549 626 1610 rideatur.
668 1551 849 1630 Procopius:
870 1544 981 1614 τούτου
1003 1545 1036 1613 δὲ
1054 1553 1112 1612 τοῦ
1129 1553 1272 1612 rumora·

164 1639 243 1719 ροδς
273 1634 472 1717 παμμεγέθης
498 1634 719 1716 &waremie
742 1659 789 1711 τις
812 1630 1010 1718 σφαιροειδής
1026 1629 1122 1708 θδίος
1141 1640 1271 1698 ποιεῖται

163 1715 242 1785 ariri
259 1717 466 1799 διαφερόντως
481 1716 690 1802 εδπρόσππον.
732 1721 819 1785 δοιιεί
829 1717 863 1784 di
877 1713 936 1785 οιίιι
950 1720 1000 1784 ίπί
1014 1725 1138 1803 στερρᾶς
1153 1724 1208 1799 τῆς
1224 1719 1272 1782 oi·

162 1805 316 1886 ποδοριίας
328 1801 379 1868 διαί
393 1803 427 1870 τὸ
437 1804 622 1888 παρειμένον
636 1799 776 1884 lascivat,
798 1799 874 1869 ittet
887 1809 926 1891 τῇ
940 1808 1036 1890 χρυσῇ
1052 1809 1139 1891 σειρᾷ
1154 1809 1193 1890 ιη’
1205 1799 1271 1868 δπδ

163 1895 222 1955 τοῦ
252 1884 389 1971 οδρανοῦ
413 1890 581 1973 ίξηριμίνον
607 1886 773 1955 καλύπτειν
796 1886 851 1955 riv
870 1895 981 1972 χοῖρον.
1031 1889 1138 1949 eadem
1158 1910 1272 1970 prope-

162 1975 294 2036 modum
311 1974 404 2034 hahet
422 1974 461 2034 de
481 1974 704 2057 hemisphaerio
722 1973 806 2036 aedis
821 1976 876 2036 SS.
892 1976 1095 2055 apostolorum
1111 1974 1149 2033 de
1165 1974 1269 2034 Aedil.

165 2065 184 2125 1
208 2061 241 2124 4.
284 2062 319 2119 in
338 2062 480 2120 interiore
501 2060 580 2121 tholi
600 2082 670 2137 seu,
691 2072 727 2120 at
740 2071 865 2137 vocant,
886 2061 994 2120 trullae
1008 2071 1109 2120 centra
1125 2079 1159 2118 ac
1172 2071 1270 2120 teutu-

162 2145 239 2205 diae
252 2146 436 2206 lastinianus
448 2167 539 2227 opere
552 2151 671 2208 musivo
685 2145 837 2207 christum
849 2148 882 2204 iu
896 2145 975 2205 lride
987 2144 1151 2222 sedentem,
1165 2147 1270 2206 orbem
1286 2146 1310 2200 P
1326 2143 1380 2204 sta

161 2230 328 2292 iudicantis
344 2231 454 2310 effigie,
476 2231 605 2292 describi
617 2236 740 2308 curarit,
763 2243 797 2290 at
813 2225 963 2314 uriro'rrrm
977 2241 1138 2306 testantur3
1162 2251 1274 2315 quem-

163 2315 335 2378 admodum
346 2318 378 2374 ia
392 2321 495 2378 Norae
509 2319 653 2378 ecclesiae
666 2337 684 2378 a
699 2338 732 2378 ae
744 2321 777 2376 ln
789 2317 902 2398 palatio
918 2319 1065 2377 excitatae
1082 2315 1158 2378 tholi
1175 2327 1272 2378 testa-

164 2401 240 2462 dina
264 2400 376 2463 Christi
400 2413 431 2462 et
458 2405 634 2483 angelorum
655 2406 685 2464 ei
707 2403 982 2464 administrantium
1004 2401 1119 2485 effigies
1140 2405 1272 2464 Basilius

162 2486 311 2564 Macedo,
331 2498 367 2547 ut
379 2499 482 2549 auctor
497 2500 543 2549 eat
553 2488 680 2551 Photias
693 2492 727 2548 in
740 2491 823 2549 illins
837 2488 1046 2571 descriptione.
1088 2491 1120 2547 in
1133 2507 1274 2570 suprema

160 2593 257 2651 vero,
279 2584 310 2633 et
331 2594 408 2655 qaae
427 2586 513 2634 extra
530 2578 658 2650 eminet,
680 2573 828 2655 Sophiani
842 2573 919 2635 tholi
934 2586 1018 2655 parte
1034 2577 1164 2655 positam
1178 2577 1274 2637 frusta

163 2678 290 2720 cracem
305 2678 358 2721 aea
371 2656 584 2745 Σιγνίηριστον
596 2659 691 2722 tradit
703 2662 892 2722 silentiarius
909 2664 1023 2808 part?
1040 2680 1071 2721 r.
1083 2662 1144 2727 ta:

792 2742 832 2809 υίιι
853 2740 906 2809 ord
946 2748 991 2821 ςδ

334 2824 467 2911 σιαυρδν
481 2826 562 2913 δπίρ
575 2834 716 2912 κορυφῆς
731 2770 1044 2913 ἐρυσίπεοίιδδγραφι
1056 2826 1156 2911 ιίηνη.

254 2910 309 2975 84·
350 2918 534 2974 Immensum
554 2914 777 2996 hemisphaerii
811 2936 846 2975 ac
876 2915 1056 2996 stupendum
1081 2912 1273 2974 altitudinem

165 2996 325 3080 praedicat
346 2997 396 3059 his
416 3001 518 3060 verhia
541 3004 709 3082 Euagrius:
741 2990 837 3076 θδίυς
864 3001 945 3068 ίστίν
970 2999 990 3065 δ
1010 3004 1072 3063 τῶν
1097 2992 1274 3081 οἷναιιτδρων

166 3078 262 3161 νηός,
282 3083 415 3167 ιίεεαρσι
434 3090 667 3167 μετεωριζομίνη
681 3089 824 3166 φολίσιν,
845 3086 876 3162 ἐς
893 3090 1041 3149 τοσοιῖτον
1053 3079 1137 3163 ὕψος
1150 3085 1273 3166 ίπαιρο-

166 3168 247 3250 μίνη
262 3166 302 3242 rie
315 3168 421 3253 ίνερθι
432 3168 488 3253 μίν
500 3178 564 3247 τοῖς
575 3169 743 3247 ἀτενίζουσι
760 3170 941 3250 δυσέφικτον
958 3165 1035 3234 εἶναι
1050 3174 1107 3232 τοῦ
1120 3167 1274 3250 ἤμισφαι·

166 3254 240 3335 ρίου
257 3246 505 3335 οἶποπεροίτοσιν,
534 3254 654 3340 ὕπερθε
676 3255 710 3320 di
730 3253 803 3332 τυιίς
825 3254 1004 3339 γινομίνους
1020 3256 1147 3337 μηδαμῆ
1165 3258 1273 3337 πειρᾶ-

166 3346 261 3415 σθαι,
282 3340 311 3401 εί
328 3340 383 3402 ιιαί
404 3338 485 3422 μάλα
502 3339 650 3424 πολμηνήρ
670 3366 717 3420 τις
739 3343 804 3422 ain,
826 3336 1013 3406 δποιιδπιιιν
1031 3341 1084 3403 καί
1105 3338 1199 3415 ἒρτδν
1212 3364 1274 3403 πυ·

164 3422 271 3505 θμίνα
291 3418 347 3499 τίς
371 3422 460 3505 ὄψεις
476 3428 697 3509 παραπέμπειν.
740 3447 810 3486 eam
827 3437 927 3487 autern
946 3424 1135 3485 altitudinem
1153 3429 1273 3506 apari-

164 3520 272 3569 mento
300 3508 340 3568 ad
367 3524 502 3571 centrum
521 3510 737 3592 hemisphaerii
759 3534 814 3573 seu
834 3511 912 3573 tholi
934 3508 1068 3571 mediam
1088 3511 1279 3571 testudinem·

166 3614 237 3654 esse
256 3592 370 3675 pedum
395 3601 457 3663 180
477 3598 570 3657 tradit
581 3598 664 3658 idem
682 3601 825 3681 scriptor:
846 3595 880 3662 ιδ
894 3596 929 3661 δὲ
940 3594 1044 3680 βάθος
1058 3591 1118 3661 α’πδ
1130 3602 1187 3661 τοῦ
1202 3596 1274 3661 κίν-

166 3702 242 3760 τρυυ
262 3684 318 3743 τοῦ
335 3679 540 3765 ημισφαιρίου
554 3683 656 3767 μίηρις
667 3682 803 3763 ίδάφοος
815 3685 922 3748 rodda
941 3677 997 3765 ρκ’.
1039 3702 1140 3763 neque
1153 3680 1273 3744 fflssen-

166 3768 206 3823 tit
220 3768 348 3826 loannes
361 3769 489 3829 Gravius
503 3772 637 3849 duglas,
659 3773 725 3850 ipse
737 3764 906 3850 αδεδπεης,
927 3771 958 3827 in
974 3770 1160 3849 praelatione
1173 3768 1213 3827 ad
1225 3778 1273 3827 ta-

165 3850 256 3908 holaa
268 3851 484 3933 geographicas
496 3855 729 3915 Nescis-Eddini
742 3858 870 3930 Persae,
892 3854 1025 3916 scribens
1040 3857 1191 3935 accepisse
1207 3874 1240 3915 aa
1254 3872 1274 3913 a

165 3936 279 3996 Tuscia
309 3936 395 4019 {stag
419 3939 553 4020 Beigrun
560 3983 573 4012 ,
604 3951 723 4020 praeter
751 3943 813 4000 alia
838 3943 1038 4001 iustrumenta
1060 3937 1274 3999 mathematica

167 4022 381 4100 exactissima,
403 4042 482 4105 quae
503 4038 677 4105 paraverat,
699 4026 901 4107 quadrantem
914 4024 1080 4105 stupendae
1095 4026 1186 4085 molis
1200 4044 1275 4085 can-

166 4108 333 4183 struxisse,
355 4110 440 4169 caius
454 4112 561 4170 mutus
572 4112 762 4171 altitudinem
777 4115 889 4173 summi
903 4112 1025 4171 fornicis
1041 4112 1149 4191 templi
1165 4110 1198 4169 S.
1214 4112 1275 4170 So-

168 4189 259 4273 phiae
276 4190 477 4276 adaequaret:
495 4216 575 4276 quae
587 4200 655 4269 etsi,
674 4200 790 4279 inquit,
813 4197 896 4256 dictu
909 4194 1103 4256 incredibilia
1124 4194 1215 4276 (num
1232 4204 1277 4251 te-

166 4277 257 4335 audo
268 4277 482 4358 maphaath
497 4293 617 4340 oenum
629 4288 781 4365 octoginta
788 4284 882 4363 pedae
895 4284 1051 4341 Romanos
1066 4278 1206 4359 superat)
1228 4278 1280 4336 ἰίίι·

164 4370 270 4423 turam
285 4364 473 4443 Parauafidr
483 4367 594 4449 digram
607 4368 684 4429 Ιιπιο
697 4370 801 4430 eadem
811 4376 977 4430 -mmataae
991 4368 1112 4448 caepim
1125 4363 1278 4425 mtdivisu
