<?xml version="1.0" encoding="UTF-8"?>
<!DOCTYPE html PUBLIC "-//W3C//DTD XHTML 1.0 Transitional//EN"
    "http://www.w3.org/TR/xhtml1/DTD/xhtml1-transitional.dtd">
<html xmlns="http://www.w3.org/1999/xhtml" xml:lang="en" lang="en">
 <head>
  <title>
</title>
<meta http-equiv="Content-Type" content="text/html;charset=utf-8" />
  <meta name='ocr-system' content='tesseract 3.04.00' />
  <meta name='ocr-capabilities' content='ocr_page ocr_carea ocr_par ocr_line ocrx_word'/>
</head>
<body>
  <div class='ocr_page' id='page_1' title='image "./corpusscriptoru37niebgoog_0107.png"; bbox 0 0 3000 4850; ppageno 0'>
   <div class='ocr_carea' id='block_1_1' title="bbox 428 287 1240 377">
    <p class='ocr_par' dir='ltr' id='par_1_1' title="bbox 428 287 1240 377">
     <span class='ocr_line' id='line_1_1' title="bbox 428 287 1240 377; baseline 0.005 -19"><span class='ocrx_word' id='word_1_1' title='bbox 428 287 685 360; x_wconf 82' lang='lat' dir='ltr'><strong>nrscauuo</strong></span> <span class='ocrx_word' id='word_1_2' title='bbox 704 287 740 358; x_wconf 86' lang='lat' dir='ltr'><strong>s</strong></span> <span class='ocrx_word' id='word_1_3' title='bbox 759 287 950 377; x_wconf 78' lang='lat' dir='ltr'><strong>sonaim,</strong></span> <span class='ocrx_word' id='word_1_4' title='bbox 1190 291 1240 364; x_wconf 83' lang='lat' dir='ltr'><strong>ss</strong></span> 
     </span>
    </p>
   </div>
   <div class='ocr_carea' id='block_1_2' title="bbox 137 454 1354 2009">
    <p class='ocr_par' dir='ltr' id='par_1_2' title="bbox 137 454 1238 612">
     <span class='ocr_line' id='line_1_2' title="bbox 137 454 1238 612; baseline -0.002 -88"><span class='ocrx_word' id='word_1_5' title='bbox 137 456 440 612; x_wconf 53' lang='grc' dir='ltr'><strong><em>τόνῖἔὲναιιιυνῐιων</em></strong></span> <span class='ocrx_word' id='word_1_6' title='bbox 453 454 581 518; x_wconf 79' lang='lat' dir='ltr'><strong>carlino.</strong></span> <span class='ocrx_word' id='word_1_7' title='bbox 622 457 737 518; x_wconf 84' lang='lat' dir='ltr'><strong>Panlm</strong></span> <span class='ocrx_word' id='word_1_8' title='bbox 750 456 941 520; x_wconf 70' lang='lat' dir='ltr'><strong>silentiarius</strong></span> <span class='ocrx_word' id='word_1_9' title='bbox 955 455 993 520; x_wconf 85' lang='lat' dir='ltr'><strong>de</strong></span> <span class='ocrx_word' id='word_1_10' title='bbox 1007 454 1116 520; x_wconf 86' lang='lat' dir='ltr'><strong>iisdem</strong></span> <span class='ocrx_word' id='word_1_11' title='bbox 1128 469 1205 540; x_wconf 85' lang='lat' dir='ltr'><strong>part.</strong></span> <span class='ocrx_word' id='word_1_12' title='bbox 1224 463 1238 522; x_wconf 87' lang='lat' dir='ltr'><strong>i</strong></span> 
     </span>
     <span class='ocr_line' id='line_1_3' title="bbox 137 563 267 606; baseline -0.015 0"><span class='ocrx_word' id='word_1_13' title='bbox 137 567 169 606; x_wconf 75' lang='lat' dir='ltr'><strong>r.</strong></span> <span class='ocrx_word' id='word_1_14' title='bbox 255 563 267 604; x_wconf 70' lang='grc' dir='ltr'><strong><em>τ</em></strong></span> 
     </span>
    </p>

    <p class='ocr_par' dir='ltr' id='par_1_3' title="bbox 141 619 994 795">
     <span class='ocr_line' id='line_1_4' title="bbox 301 619 994 712; baseline 0.001 -20"><span class='ocrx_word' id='word_1_15' title='bbox 301 621 417 692; x_wconf 69' lang='grc' dir='ltr'><strong><em>ἐνθάδε</em></strong></span> <span class='ocrx_word' id='word_1_16' title='bbox 430 625 608 711; x_wconf 71' lang='grc' dir='ltr'><strong><em>θηλυτέρων</em></strong></span> <span class='ocrx_word' id='word_1_17' title='bbox 619 619 760 712; x_wconf 76' lang='lat' dir='ltr'><strong>aberpor&#39;tu</strong></span> <span class='ocrx_word' id='word_1_18' title='bbox 771 622 848 690; x_wconf 75' lang='lat' dir='ltr'><strong>eniri</strong></span> <span class='ocrx_word' id='word_1_19' title='bbox 860 621 994 708; x_wconf 72' lang='grc' dir='ltr'><strong><em>νοήσεις.</em></strong></span> 
     </span>
     <span class='ocr_line' id='line_1_5' title="bbox 141 711 433 795; baseline 0.01 -21"><span class='ocrx_word' id='word_1_20' title='bbox 141 725 175 774; x_wconf 79' lang='lat' dir='ltr'><strong>et</strong></span> <span class='ocrx_word' id='word_1_21' title='bbox 187 717 293 795; x_wconf 64' lang='lat' dir='ltr'><strong>publ</strong></span> <span class='ocrx_word' id='word_1_22' title='bbox 309 734 340 772; x_wconf 73' lang='lat' dir='ltr'><strong>s.</strong></span> <span class='ocrx_word' id='word_1_23' title='bbox 355 711 433 777; x_wconf 78' lang='lat'><strong>125:</strong></span> 
     </span>
    </p>

    <p class='ocr_par' dir='ltr' id='par_1_4' title="bbox 140 790 1248 1802">
     <span class='ocr_line' id='line_1_6' title="bbox 303 790 1025 880; baseline 0 -20"><span class='ocrx_word' id='word_1_24' title='bbox 303 797 382 861; x_wconf 71' lang='grc' dir='ltr'><strong><em>ἔνθα</em></strong></span> <span class='ocrx_word' id='word_1_25' title='bbox 393 795 574 880; x_wconf 65' lang='grc' dir='ltr'><strong><em>γυναικείων</em></strong></span> <span class='ocrx_word' id='word_1_26' title='bbox 587 790 789 876; x_wconf 74' lang='lat' dir='ltr'><strong>despuimus</strong></span> <span class='ocrx_word' id='word_1_27' title='bbox 806 795 891 860; x_wconf 71' lang='grc' dir='ltr'><strong><em>ἔνδιοι</em></strong></span> <span class='ocrx_word' id='word_1_28' title='bbox 903 793 1025 862; x_wconf 79' lang='lat' dir='ltr'><strong>dro&#39;rtuu.</strong></span> 
     </span>
     <span class='ocr_line' id='line_1_7' title="bbox 140 880 1244 963; baseline 0 -21"><span class='ocrx_word' id='word_1_29' title='bbox 140 881 347 944; x_wconf 75' lang='lat' dir='ltr'><strong>catechumeni</strong></span> <span class='ocrx_word' id='word_1_30' title='bbox 361 880 510 962; x_wconf 88' lang='lat' dir='ltr'><strong>Sophiani</strong></span> <span class='ocrx_word' id='word_1_31' title='bbox 525 883 665 940; x_wconf 83' lang='lat' dir='ltr'><strong>meminit</strong></span> <span class='ocrx_word' id='word_1_32' title='bbox 680 893 833 963; x_wconf 88' lang='lat' dir='ltr'><strong>praeterea</strong></span> <span class='ocrx_word' id='word_1_33' title='bbox 846 885 981 962; x_wconf 85' lang='lat' dir='ltr'><strong>Ignatius</strong></span> <span class='ocrx_word' id='word_1_34' title='bbox 999 883 1123 942; x_wconf 87' lang='lat' dir='ltr'><strong>Diacou.</strong></span> <span class='ocrx_word' id='word_1_35' title='bbox 1137 882 1169 940; x_wconf 90' lang='lat' dir='ltr'><strong>in</strong></span> <span class='ocrx_word' id='word_1_36' title='bbox 1183 883 1244 942; x_wconf 85' lang='lat' dir='ltr'><strong>vita</strong></span> 
     </span>
     <span class='ocr_line' id='line_1_8' title="bbox 140 963 1246 1051; baseline 0.002 -23"><span class='ocrx_word' id='word_1_37' title='bbox 140 967 300 1050; x_wconf 83' lang='lat' dir='ltr'><strong>Nicephori</strong></span> <span class='ocrx_word' id='word_1_38' title='bbox 323 979 402 1048; x_wconf 87' lang='lat' dir='ltr'><strong>patr.</strong></span> <span class='ocrx_word' id='word_1_39' title='bbox 417 969 521 1027; x_wconf 63' lang='lat' dir='ltr'><strong>cun.</strong></span> <span class='ocrx_word' id='word_1_40' title='bbox 537 970 594 1043; x_wconf 86' lang='lat'><strong>69,</strong></span> <span class='ocrx_word' id='word_1_41' title='bbox 615 964 754 1048; x_wconf 87' lang='lat' dir='ltr'><strong>illudque</strong></span> <span class='ocrx_word' id='word_1_42' title='bbox 775 963 826 1032; x_wconf 82' lang='grc' dir='ltr'><strong>ιόν</strong></span> <span class='ocrx_word' id='word_1_43' title='bbox 846 971 904 1032; x_wconf 74' lang='grc' dir='ltr'><strong>τοῦ</strong></span> <span class='ocrx_word' id='word_1_44' title='bbox 919 971 1061 1051; x_wconf 68' lang='grc' dir='ltr'><strong>μεγίστου</strong></span> <span class='ocrx_word' id='word_1_45' title='bbox 1079 963 1140 1030; x_wconf 77' lang='lat' dir='ltr'><strong>urci</strong></span> <span class='ocrx_word' id='word_1_46' title='bbox 1161 971 1246 1048; x_wconf 73' lang='grc' dir='ltr'><strong><em>περί-</em></strong></span> 
     </span>
     <span class='ocr_line' id='line_1_9' title="bbox 140 1049 1246 1134; baseline -0.005 -17"><span class='ocrx_word' id='word_1_47' title='bbox 140 1074 256 1118; x_wconf 73' lang='grc' dir='ltr'><strong><em>πυστον</em></strong></span> <span class='ocrx_word' id='word_1_48' title='bbox 267 1049 493 1134; x_wconf 72' lang='grc' dir='ltr'><strong><em>κατηχούμενον</em></strong></span> <span class='ocrx_word' id='word_1_49' title='bbox 508 1062 606 1111; x_wconf 82' lang='lat' dir='ltr'><strong>vocat.</strong></span> <span class='ocrx_word' id='word_1_50' title='bbox 649 1063 680 1112; x_wconf 86' lang='lat' dir='ltr'><strong>at</strong></span> <span class='ocrx_word' id='word_1_51' title='bbox 694 1055 815 1134; x_wconf 84' lang='lat' dir='ltr'><strong>sequior</strong></span> <span class='ocrx_word' id='word_1_52' title='bbox 834 1055 960 1112; x_wconf 85' lang='lat' dir='ltr'><strong>Graecia</strong></span> <span class='ocrx_word' id='word_1_53' title='bbox 973 1065 1132 1133; x_wconf 88' lang='lat' dir='ltr'><strong>utramque</strong></span> <span class='ocrx_word' id='word_1_54' title='bbox 1148 1055 1246 1134; x_wconf 86' lang='lat' dir='ltr'><strong>porti-</strong></span> 
     </span>
     <span class='ocr_line' id='line_1_10' title="bbox 142 1137 1245 1218; baseline -0.002 -18"><span class='ocrx_word' id='word_1_55' title='bbox 142 1160 214 1200; x_wconf 85' lang='lat' dir='ltr'><strong>cum</strong></span> <span class='ocrx_word' id='word_1_56' title='bbox 230 1140 402 1198; x_wconf 84' lang='lat' dir='ltr'><strong>inferiorem</strong></span> <span class='ocrx_word' id='word_1_57' title='bbox 418 1147 451 1196; x_wconf 86' lang='lat' dir='ltr'><strong>et</strong></span> <span class='ocrx_word' id='word_1_58' title='bbox 469 1139 657 1218; x_wconf 89' lang='lat' dir='ltr'><strong>superiorem</strong></span> <span class='ocrx_word' id='word_1_59' title='bbox 674 1137 959 1198; x_wconf 84' lang='lat' dir='ltr'><strong>catechumenorum</strong></span> <span class='ocrx_word' id='word_1_60' title='bbox 974 1141 1096 1198; x_wconf 88' lang='lat' dir='ltr'><strong>nomine</strong></span> <span class='ocrx_word' id='word_1_61' title='bbox 1113 1138 1245 1216; x_wconf 78' lang='lat' dir='ltr'><strong>desaevit,</strong></span> 
     </span>
     <span class='ocr_line' id='line_1_11' title="bbox 140 1221 1246 1302; baseline -0.002 -18"><span class='ocrx_word' id='word_1_62' title='bbox 140 1237 178 1284; x_wconf 87' lang='lat' dir='ltr'><strong>ut</strong></span> <span class='ocrx_word' id='word_1_63' title='bbox 193 1223 340 1284; x_wconf 79' lang='lat' dir='ltr'><strong>advertere</strong></span> <span class='ocrx_word' id='word_1_64' title='bbox 354 1234 452 1283; x_wconf 83' lang='lat' dir='ltr'><strong>estex</strong></span> <span class='ocrx_word' id='word_1_65' title='bbox 464 1225 625 1302; x_wconf 80' lang='lat' dir='ltr'><strong>Anonymo</strong></span> <span class='ocrx_word' id='word_1_66' title='bbox 639 1221 676 1282; x_wconf 87' lang='lat' dir='ltr'><strong>de</strong></span> <span class='ocrx_word' id='word_1_67' title='bbox 690 1226 779 1284; x_wconf 79' lang='lat' dir='ltr'><strong>LocIs</strong></span> <span class='ocrx_word' id='word_1_68' title='bbox 796 1225 944 1285; x_wconf 86' lang='lat' dir='ltr'><strong>Hierosol.</strong></span> <span class='ocrx_word' id='word_1_69' title='bbox 961 1245 987 1286; x_wconf 86' lang='lat' dir='ltr'><strong>c.</strong></span> <span class='ocrx_word' id='word_1_70' title='bbox 1002 1231 1018 1290; x_wconf 90' lang='lat' dir='ltr'><strong>l</strong></span> <span class='ocrx_word' id='word_1_71' title='bbox 1038 1235 1068 1283; x_wconf 88' lang='lat' dir='ltr'><strong>et</strong></span> <span class='ocrx_word' id='word_1_72' title='bbox 1082 1223 1197 1285; x_wconf 84' lang='lat' dir='ltr'><strong>Codino</strong></span> <span class='ocrx_word' id='word_1_73' title='bbox 1212 1227 1246 1282; x_wconf 90' lang='lat' dir='ltr'><strong>in</strong></span> 
     </span>
     <span class='ocr_line' id='line_1_12' title="bbox 140 1303 1246 1392; baseline -0.001 -21"><span class='ocrx_word' id='word_1_74' title='bbox 140 1313 244 1370; x_wconf 71' lang='lat' dir='ltr'><strong>neree</strong></span> <span class='ocrx_word' id='word_1_75' title='bbox 265 1311 299 1370; x_wconf 89' lang='lat' dir='ltr'><strong>S.</strong></span> <span class='ocrx_word' id='word_1_76' title='bbox 318 1307 468 1390; x_wconf 76' lang='lat' dir='ltr'><strong>Sophiae,</strong></span> <span class='ocrx_word' id='word_1_77' title='bbox 491 1310 545 1391; x_wconf 91' lang='lat' dir='ltr'><strong>qui</strong></span> <span class='ocrx_word' id='word_1_78' title='bbox 558 1309 716 1369; x_wconf 72' lang='lat' dir='ltr'><strong>iufefiores</strong></span> <span class='ocrx_word' id='word_1_79' title='bbox 732 1303 768 1374; x_wconf 83' lang='lat' dir='ltr'><strong>rai</strong></span> <span class='ocrx_word' id='word_1_80' title='bbox 785 1312 892 1389; x_wconf 79' lang='grc' dir='ltr'><strong><em>προῖιοι</em></strong></span> <span class='ocrx_word' id='word_1_81' title='bbox 908 1305 1133 1392; x_wconf 74' lang='grc' dir='ltr'><strong><em>κατηχούμενα,</em></strong></span> <span class='ocrx_word' id='word_1_82' title='bbox 1153 1331 1246 1390; x_wconf 89' lang='lat' dir='ltr'><strong>supe-</strong></span> 
     </span>
     <span class='ocr_line' id='line_1_13' title="bbox 142 1387 1246 1476; baseline -0.001 -21"><span class='ocrx_word' id='word_1_83' title='bbox 142 1399 236 1456; x_wconf 83' lang='lat' dir='ltr'><strong>riores</strong></span> <span class='ocrx_word' id='word_1_84' title='bbox 250 1390 376 1476; x_wconf 68' lang='lat' dir='ltr'><strong>desisto«</strong></span> <span class='ocrx_word' id='word_1_85' title='bbox 387 1387 597 1473; x_wconf 69' lang='grc' dir='ltr'><strong><em>κοτηχοῦμενοι</em></strong></span> <span class='ocrx_word' id='word_1_86' title='bbox 608 1403 778 1474; x_wconf 88' lang='lat' dir='ltr'><strong>nuncupat,</strong></span> <span class='ocrx_word' id='word_1_87' title='bbox 800 1397 846 1454; x_wconf 93' lang='lat' dir='ltr'><strong>uti</strong></span> <span class='ocrx_word' id='word_1_88' title='bbox 862 1415 952 1475; x_wconf 88' lang='lat' dir='ltr'><strong>supra</strong></span> <span class='ocrx_word' id='word_1_89' title='bbox 967 1415 986 1454; x_wconf 87' lang='lat' dir='ltr'><strong>a</strong></span> <span class='ocrx_word' id='word_1_90' title='bbox 1000 1395 1087 1456; x_wconf 89' lang='lat' dir='ltr'><strong>nobis</strong></span> <span class='ocrx_word' id='word_1_91' title='bbox 1104 1397 1246 1455; x_wconf 86' lang='lat' dir='ltr'><strong>observa-</strong></span> 
     </span>
     <span class='ocr_line' id='line_1_14' title="bbox 140 1479 1247 1562; baseline 0 -22"><span class='ocrx_word' id='word_1_92' title='bbox 140 1493 220 1540; x_wconf 85' lang='lat' dir='ltr'><strong>tum.</strong></span> <span class='ocrx_word' id='word_1_93' title='bbox 261 1491 404 1562; x_wconf 88' lang='lat' dir='ltr'><strong>utraque,</strong></span> <span class='ocrx_word' id='word_1_94' title='bbox 425 1479 551 1538; x_wconf 89' lang='lat' dir='ltr'><strong>inferior</strong></span> <span class='ocrx_word' id='word_1_95' title='bbox 566 1481 680 1537; x_wconf 89' lang='lat' dir='ltr'><strong>scilicet</strong></span> <span class='ocrx_word' id='word_1_96' title='bbox 695 1491 725 1538; x_wconf 91' lang='lat' dir='ltr'><strong>et</strong></span> <span class='ocrx_word' id='word_1_97' title='bbox 739 1483 890 1558; x_wconf 73' lang='lat' dir='ltr'><strong>superior,</strong></span> <span class='ocrx_word' id='word_1_98' title='bbox 911 1500 1061 1543; x_wconf 85' lang='lat' dir='ltr'><strong>manners</strong></span> <span class='ocrx_word' id='word_1_99' title='bbox 1080 1485 1247 1542; x_wconf 76' lang='lat' dir='ltr'><strong>coruscanti</strong></span> 
     </span>
     <span class='ocr_line' id='line_1_15' title="bbox 141 1563 1248 1648; baseline 0 -21"><span class='ocrx_word' id='word_1_100' title='bbox 141 1578 235 1627; x_wconf 87' lang='lat' dir='ltr'><strong>strata</strong></span> <span class='ocrx_word' id='word_1_101' title='bbox 255 1569 454 1645; x_wconf 70' lang='lat' dir='ltr'><strong>conspicitur,</strong></span> <span class='ocrx_word' id='word_1_102' title='bbox 476 1573 511 1624; x_wconf 86' lang='lat' dir='ltr'><strong>ut</strong></span> <span class='ocrx_word' id='word_1_103' title='bbox 533 1565 630 1623; x_wconf 90' lang='lat' dir='ltr'><strong>estin</strong></span> <span class='ocrx_word' id='word_1_104' title='bbox 649 1567 858 1625; x_wconf 84' lang='lat' dir='ltr'><strong>Itinerariol).</strong></span> <span class='ocrx_word' id='word_1_105' title='bbox 879 1563 916 1626; x_wconf 87' lang='lat' dir='ltr'><strong>de</strong></span> <span class='ocrx_word' id='word_1_106' title='bbox 930 1567 1111 1646; x_wconf 83' lang='lat' dir='ltr'><strong>Saligniaco.</strong></span> <span class='ocrx_word' id='word_1_107' title='bbox 1155 1587 1248 1648; x_wconf 87' lang='lat' dir='ltr'><strong>supe·</strong></span> 
     </span>
     <span class='ocr_line' id='line_1_16' title="bbox 141 1648 1244 1734; baseline 0.002 -22"><span class='ocrx_word' id='word_1_108' title='bbox 141 1656 235 1712; x_wconf 83' lang='lat' dir='ltr'><strong>riores</strong></span> <span class='ocrx_word' id='word_1_109' title='bbox 251 1672 324 1712; x_wconf 85' lang='lat' dir='ltr'><strong>vero</strong></span> <span class='ocrx_word' id='word_1_110' title='bbox 337 1653 371 1710; x_wconf 89' lang='lat' dir='ltr'><strong>in</strong></span> <span class='ocrx_word' id='word_1_111' title='bbox 383 1648 462 1710; x_wconf 87' lang='lat' dir='ltr'><strong>tholi</strong></span> <span class='ocrx_word' id='word_1_112' title='bbox 475 1648 602 1708; x_wconf 90' lang='lat' dir='ltr'><strong>modum</strong></span> <span class='ocrx_word' id='word_1_113' title='bbox 613 1661 786 1710; x_wconf 76' lang='lat' dir='ltr'><strong>cameratae</strong></span> <span class='ocrx_word' id='word_1_114' title='bbox 803 1661 883 1711; x_wconf 82' lang='lat' dir='ltr'><strong>suut.</strong></span> <span class='ocrx_word' id='word_1_115' title='bbox 921 1651 1116 1713; x_wconf 70' lang='lat' dir='ltr'><strong>silentiarius</strong></span> <span class='ocrx_word' id='word_1_116' title='bbox 1135 1665 1213 1734; x_wconf 89' lang='lat' dir='ltr'><strong>part.</strong></span> <span class='ocrx_word' id='word_1_117' title='bbox 1229 1659 1244 1720; x_wconf 90' lang='lat'>1</span> 
     </span>
     <span class='ocr_line' id='line_1_17' title="bbox 140 1739 272 1802; baseline -0.023 -4"><span class='ocrx_word' id='word_1_118' title='bbox 140 1759 175 1799; x_wconf 71' lang='lat' dir='ltr'><strong>v·</strong></span> <span class='ocrx_word' id='word_1_119' title='bbox 194 1739 272 1802; x_wconf 78' lang='lat'><strong>257:</strong></span> 
     </span>
    </p>

    <p class='ocr_par' dir='ltr' id='par_1_5' title="bbox 140 1811 1354 2009">
     <span class='ocr_line' id='line_1_18' title="bbox 308 1811 1354 1900; baseline 0.007 -20"><span class='ocrx_word' id='word_1_120' title='bbox 308 1821 407 1900; x_wconf 76' lang='grc' dir='ltr'><strong><em>σχῆμα</em></strong></span> <span class='ocrx_word' id='word_1_121' title='bbox 419 1813 517 1882; x_wconf 80' lang='grc' dir='ltr'><strong><em>θόλον</em></strong></span> <span class='ocrx_word' id='word_1_122' title='bbox 531 1817 713 1900; x_wconf 65' lang='grc' dir='ltr'><strong><em>φορέουσιν,</em></strong></span> <span class='ocrx_word' id='word_1_123' title='bbox 734 1811 888 1885; x_wconf 67' lang='lat' dir='ltr'><strong>deciduae</strong></span> <span class='ocrx_word' id='word_1_124' title='bbox 904 1819 984 1885; x_wconf 74' lang='grc' dir='ltr'><strong><em>ἔστιν</em></strong></span> <span class='ocrx_word' id='word_1_125' title='bbox 996 1820 1126 1886; x_wconf 71' lang='lat' dir='ltr'><strong>idiotice.</strong></span> <span class='ocrx_word' id='word_1_126' title='bbox 1263 1827 1285 1879; x_wconf 87' lang='lat' dir='ltr'><strong>P</strong></span> <span class='ocrx_word' id='word_1_127' title='bbox 1304 1826 1354 1880; x_wconf 75' lang='lat'><strong>551</strong></span> 
     </span>
     <span class='ocr_line' id='line_1_19' title="bbox 140 1902 1249 2009; baseline 0 -41"><span class='ocrx_word' id='word_1_128' title='bbox 140 1910 186 1968; x_wconf 82' lang='lat' dir='ltr'><strong>ita</strong></span> <span class='ocrx_word' id='word_1_129' title='bbox 197 1907 284 1966; x_wconf 85' lang='lat' dir='ltr'><strong>enim</strong></span> <span class='ocrx_word' id='word_1_130' title='bbox 296 1902 479 1964; x_wconf 86' lang='lat' dir='ltr'><strong>restituenda</strong></span> <span class='ocrx_word' id='word_1_131' title='bbox 490 1905 598 1964; x_wconf 89' lang='lat' dir='ltr'><strong>lacuna</strong></span> <span class='ocrx_word' id='word_1_132' title='bbox 614 1927 655 1964; x_wconf 84' lang='lat' dir='ltr'><strong>ex</strong></span> <span class='ocrx_word' id='word_1_133' title='bbox 666 1909 830 2009; x_wconf 83' lang='lat' dir='ltr'><strong>Procopio,</strong></span> <span class='ocrx_word' id='word_1_134' title='bbox 852 1907 904 1966; x_wconf 88' lang='lat' dir='ltr'><strong>ubi</strong></span> <span class='ocrx_word' id='word_1_135' title='bbox 916 1911 978 1986; x_wconf 86' lang='lat' dir='ltr'><strong>agit</strong></span> <span class='ocrx_word' id='word_1_136' title='bbox 992 1906 1029 1968; x_wconf 85' lang='lat' dir='ltr'><strong>de</strong></span> <span class='ocrx_word' id='word_1_137' title='bbox 1045 1909 1249 1990; x_wconf 84' lang='lat' dir='ltr'><strong>superioribus</strong></span> 
     </span>
    </p>
   </div>
   <div class='ocr_carea' id='block_1_3' title="bbox 138 1983 1254 4385">
    <p class='ocr_par' dir='ltr' id='par_1_6' title="bbox 138 1983 1251 2672">
     <span class='ocr_line' id='line_1_20' title="bbox 138 1983 1249 2074; baseline 0 -22"><span class='ocrx_word' id='word_1_138' title='bbox 138 1994 323 2074; x_wconf 84' lang='lat' dir='ltr'><strong>porticibus:</strong></span> <span class='ocrx_word' id='word_1_139' title='bbox 355 1989 407 2052; x_wconf 76' lang='lat' dir='ltr'><strong>sul</strong></span> <span class='ocrx_word' id='word_1_140' title='bbox 431 1983 537 2063; x_wconf 61' lang='lat' dir='ltr'><strong>citata</strong></span> <span class='ocrx_word' id='word_1_141' title='bbox 558 1986 583 2065; x_wconf 73' lang='lat' dir='ltr'><strong>si</strong></span> <span class='ocrx_word' id='word_1_142' title='bbox 605 1986 708 2072; x_wconf 71' lang='grc' dir='ltr'><strong><em>ὀροφή</em></strong></span> <span class='ocrx_word' id='word_1_143' title='bbox 729 1996 834 2066; x_wconf 65' lang='lat' dir='ltr'><strong>dolor.</strong></span> <span class='ocrx_word' id='word_1_144' title='bbox 876 1994 909 2052; x_wconf 89' lang='lat' dir='ltr'><strong>in</strong></span> <span class='ocrx_word' id='word_1_145' title='bbox 933 1991 1058 2053; x_wconf 88' lang='lat' dir='ltr'><strong>modum</strong></span> <span class='ocrx_word' id='word_1_146' title='bbox 1077 1991 1183 2074; x_wconf 77' lang='lat' dir='ltr'><strong>scyphi</strong></span> <span class='ocrx_word' id='word_1_147' title='bbox 1202 2005 1249 2052; x_wconf 87' lang='lat' dir='ltr'><strong>te-</strong></span> 
     </span>
     <span class='ocr_line' id='line_1_21' title="bbox 141 2071 1250 2159; baseline 0.003 -20"><span class='ocrx_word' id='word_1_148' title='bbox 141 2077 311 2139; x_wconf 85' lang='lat' dir='ltr'><strong>studinatas</strong></span> <span class='ocrx_word' id='word_1_149' title='bbox 340 2073 433 2134; x_wconf 87' lang='lat' dir='ltr'><strong>habet</strong></span> <span class='ocrx_word' id='word_1_150' title='bbox 459 2077 655 2155; x_wconf 86' lang='lat' dir='ltr'><strong>Anonymus:</strong></span> <span class='ocrx_word' id='word_1_151' title='bbox 686 2071 893 2158; x_wconf 74' lang='grc' dir='ltr'><strong><em>οἷνεγείραντις</em></strong></span> <span class='ocrx_word' id='word_1_152' title='bbox 915 2075 948 2142; x_wconf 79' lang='lat' dir='ltr'><strong>di</strong></span> <span class='ocrx_word' id='word_1_153' title='bbox 970 2074 1024 2152; x_wconf 73' lang='lat' dir='ltr'><strong>eric</strong></span> <span class='ocrx_word' id='word_1_154' title='bbox 1048 2072 1165 2159; x_wconf 78' lang='grc' dir='ltr'><strong><em>α’ψῑὸος</em></strong></span> <span class='ocrx_word' id='word_1_155' title='bbox 1187 2083 1250 2142; x_wconf 83' lang='lat' dir='ltr'><strong>suiv</strong></span> 
     </span>
     <span class='ocr_line' id='line_1_22' title="bbox 141 2155 1251 2245; baseline -0.002 -17"><span class='ocrx_word' id='word_1_156' title='bbox 141 2155 310 2245; x_wconf 70' lang='lat' dir='ltr'><strong>duracina,</strong></span> <span class='ocrx_word' id='word_1_157' title='bbox 331 2165 393 2224; x_wconf 79' lang='grc' dir='ltr'><strong><em>τοῖν</em></strong></span> <span class='ocrx_word' id='word_1_158' title='bbox 413 2183 443 2224; x_wconf 81' lang='grc' dir='ltr'><strong>τε</strong></span> <span class='ocrx_word' id='word_1_159' title='bbox 463 2161 572 2235; x_wconf 74' lang='grc' dir='ltr'><strong><em>δεξιῶν</em></strong></span> <span class='ocrx_word' id='word_1_160' title='bbox 587 2161 638 2224; x_wconf 72' lang='grc' dir='ltr'><strong>καὶ</strong></span> <span class='ocrx_word' id='word_1_161' title='bbox 656 2166 719 2226; x_wconf 74' lang='grc' dir='ltr'><strong><em>τοῖν</em></strong></span> <span class='ocrx_word' id='word_1_162' title='bbox 736 2155 921 2242; x_wconf 61' lang='lat' dir='ltr'><strong>ermeleno,</strong></span> <span class='ocrx_word' id='word_1_163' title='bbox 943 2163 995 2226; x_wconf 78' lang='lat' dir='ltr'><strong>sui</strong></span> <span class='ocrx_word' id='word_1_164' title='bbox 1014 2157 1124 2240; x_wconf 74' lang='grc' dir='ltr'><strong><em>ταύτας</em></strong></span> <span class='ocrx_word' id='word_1_165' title='bbox 1138 2157 1251 2226; x_wconf 75' lang='grc' dir='ltr'><strong><em>σκεπά-</em></strong></span> 
     </span>
     <span class='ocr_line' id='line_1_23' title="bbox 141 2239 1250 2331; baseline 0.003 -21"><span class='ocrx_word' id='word_1_166' title='bbox 141 2269 250 2322; x_wconf 72' lang='lat' dir='ltr'><strong>cumr</strong></span> <span class='ocrx_word' id='word_1_167' title='bbox 273 2240 425 2322; x_wconf 62' lang='lat' dir='ltr'><strong>exoptatis</strong></span> <span class='ocrx_word' id='word_1_168' title='bbox 447 2239 574 2320; x_wconf 79' lang='grc' dir='ltr'><strong><em>οἲψῖδας.</em></strong></span> <span class='ocrx_word' id='word_1_169' title='bbox 616 2247 669 2306; x_wconf 90' lang='lat' dir='ltr'><strong>ubi</strong></span> <span class='ocrx_word' id='word_1_170' title='bbox 694 2241 846 2326; x_wconf 78' lang='grc' dir='ltr'><strong><em>οιινφικᾶς</em></strong></span> <span class='ocrx_word' id='word_1_171' title='bbox 858 2245 942 2308; x_wconf 89' lang='lat' dir='ltr'><strong>idem</strong></span> <span class='ocrx_word' id='word_1_172' title='bbox 956 2251 1035 2308; x_wconf 86' lang='lat' dir='ltr'><strong>valet</strong></span> <span class='ocrx_word' id='word_1_173' title='bbox 1051 2269 1086 2308; x_wconf 88' lang='lat' dir='ltr'><strong>ac</strong></span> <span class='ocrx_word' id='word_1_174' title='bbox 1101 2251 1250 2331; x_wconf 78' lang='grc' dir='ltr'><strong><em>κομβολι-</em></strong></span> 
     </span>
     <span class='ocr_line' id='line_1_24' title="bbox 141 2330 1250 2416; baseline 0.002 -22"><span class='ocrx_word' id='word_1_175' title='bbox 141 2330 218 2413; x_wconf 67' lang='grc' dir='ltr'><strong>κός,</strong></span> <span class='ocrx_word' id='word_1_176' title='bbox 241 2330 349 2412; x_wconf 79' lang='lat' dir='ltr'><strong>scyphi</strong></span> <span class='ocrx_word' id='word_1_177' title='bbox 368 2340 419 2390; x_wconf 86' lang='lat' dir='ltr'><strong>aut</strong></span> <span class='ocrx_word' id='word_1_178' title='bbox 438 2332 569 2411; x_wconf 78' lang='lat' dir='ltr'><strong>cymbali</strong></span> <span class='ocrx_word' id='word_1_179' title='bbox 583 2331 687 2392; x_wconf 89' lang='lat' dir='ltr'><strong>instar.</strong></span> <span class='ocrx_word' id='word_1_180' title='bbox 730 2335 918 2413; x_wconf 83' lang='lat' dir='ltr'><strong>superiorum</strong></span> <span class='ocrx_word' id='word_1_181' title='bbox 937 2337 1062 2395; x_wconf 87' lang='lat' dir='ltr'><strong>istarum</strong></span> <span class='ocrx_word' id='word_1_182' title='bbox 1079 2339 1250 2416; x_wconf 85' lang='lat' dir='ltr'><strong>porticuum</strong></span> 
     </span>
     <span class='ocr_line' id='line_1_25' title="bbox 142 2417 1248 2503; baseline 0.001 -23"><span class='ocrx_word' id='word_1_183' title='bbox 142 2419 375 2481; x_wconf 87' lang='lat' dir='ltr'><strong>intercolumnia</strong></span> <span class='ocrx_word' id='word_1_184' title='bbox 389 2417 500 2497; x_wconf 87' lang='lat' dir='ltr'><strong>pluteis</strong></span> <span class='ocrx_word' id='word_1_185' title='bbox 512 2421 689 2478; x_wconf 89' lang='lat' dir='ltr'><strong>muniuntur</strong></span> <span class='ocrx_word' id='word_1_186' title='bbox 699 2420 886 2494; x_wconf 86' lang='lat' dir='ltr'><strong>marmoreis,</strong></span> <span class='ocrx_word' id='word_1_187' title='bbox 908 2420 976 2481; x_wconf 87' lang='lat' dir='ltr'><strong>altis</strong></span> <span class='ocrx_word' id='word_1_188' title='bbox 990 2432 1132 2502; x_wconf 87' lang='lat' dir='ltr'><strong>quattuor</strong></span> <span class='ocrx_word' id='word_1_189' title='bbox 1145 2420 1248 2503; x_wconf 84' lang='lat' dir='ltr'><strong>pedes,</strong></span> 
     </span>
     <span class='ocr_line' id='line_1_26' title="bbox 141 2502 1249 2589; baseline 0.002 -24"><span class='ocrx_word' id='word_1_190' title='bbox 141 2508 254 2589; x_wconf 85' lang='lat' dir='ltr'><strong>quibus</strong></span> <span class='ocrx_word' id='word_1_191' title='bbox 274 2504 482 2563; x_wconf 84' lang='lat' dir='ltr'><strong>incumbentes</strong></span> <span class='ocrx_word' id='word_1_192' title='bbox 502 2502 608 2562; x_wconf 73' lang='lat' dir='ltr'><strong>rident</strong></span> <span class='ocrx_word' id='word_1_193' title='bbox 626 2506 800 2564; x_wconf 87' lang='lat' dir='ltr'><strong>interiorem</strong></span> <span class='ocrx_word' id='word_1_194' title='bbox 821 2504 905 2564; x_wconf 87' lang='lat' dir='ltr'><strong>aedis</strong></span> <span class='ocrx_word' id='word_1_195' title='bbox 922 2518 1057 2586; x_wconf 86' lang='lat' dir='ltr'><strong>partem,</strong></span> <span class='ocrx_word' id='word_1_196' title='bbox 1079 2519 1142 2568; x_wconf 89' lang='lat' dir='ltr'><strong>tam</strong></span> <span class='ocrx_word' id='word_1_197' title='bbox 1154 2508 1249 2567; x_wconf 89' lang='lat' dir='ltr'><strong>infer-</strong></span> 
     </span>
     <span class='ocr_line' id='line_1_27' title="bbox 141 2590 1142 2672; baseline 0 -21"><span class='ocrx_word' id='word_1_198' title='bbox 141 2612 217 2651; x_wconf 84' lang='lat' dir='ltr'><strong>nam</strong></span> <span class='ocrx_word' id='word_1_199' title='bbox 232 2609 327 2672; x_wconf 88' lang='lat' dir='ltr'><strong>quam</strong></span> <span class='ocrx_word' id='word_1_200' title='bbox 341 2608 513 2668; x_wconf 86' lang='lat' dir='ltr'><strong>supernam.</strong></span> <span class='ocrx_word' id='word_1_201' title='bbox 556 2590 668 2650; x_wconf 86' lang='lat' dir='ltr'><strong>Paulus</strong></span> <span class='ocrx_word' id='word_1_202' title='bbox 684 2591 873 2651; x_wconf 75' lang='lat' dir='ltr'><strong>silentiarius</strong></span> <span class='ocrx_word' id='word_1_203' title='bbox 887 2603 964 2671; x_wconf 84' lang='lat' dir='ltr'><strong>part.</strong></span> <span class='ocrx_word' id='word_1_204' title='bbox 982 2594 999 2656; x_wconf 87' lang='lat'>1</span> <span class='ocrx_word' id='word_1_205' title='bbox 1017 2614 1048 2652; x_wconf 81' lang='lat' dir='ltr'><strong>v.</strong></span> <span class='ocrx_word' id='word_1_206' title='bbox 1062 2598 1142 2661; x_wconf 77' lang='lat'><strong>268:</strong></span> 
     </span>
    </p>

    <p class='ocr_par' dir='ltr' id='par_1_7' title="bbox 308 2667 1040 2761">
     <span class='ocr_line' id='line_1_28' title="bbox 308 2667 1040 2761; baseline 0.003 -24"><span class='ocrx_word' id='word_1_207' title='bbox 308 2667 409 2737; x_wconf 77' lang='lat' dir='ltr'><strong>uriom</strong></span> <span class='ocrx_word' id='word_1_208' title='bbox 423 2674 455 2737; x_wconf 73' lang='grc' dir='ltr'><strong>δὲ</strong></span> <span class='ocrx_word' id='word_1_209' title='bbox 471 2676 664 2739; x_wconf 74' lang='grc' dir='ltr'><strong><em>Θεοσαλιιιοῖο</em></strong></span> <span class='ocrx_word' id='word_1_210' title='bbox 674 2678 833 2757; x_wconf 64' lang='grc' dir='ltr'><strong><em>μεταίχμιον</em></strong></span> <span class='ocrx_word' id='word_1_211' title='bbox 846 2678 949 2751; x_wconf 75' lang='grc' dir='ltr'><strong><em>κίονος</em></strong></span> <span class='ocrx_word' id='word_1_212' title='bbox 963 2671 1040 2761; x_wconf 69' lang='grc' dir='ltr'><strong><em>οἷνιίρ</em></strong></span> 
     </span>
    </p>

    <p class='ocr_par' dir='ltr' id='par_1_8' title="bbox 308 2757 1042 2842">
     <span class='ocr_line' id='line_1_29' title="bbox 308 2757 1042 2842; baseline 0.007 -20"><span class='ocrx_word' id='word_1_213' title='bbox 308 2757 440 2835; x_wconf 67' lang='lat' dir='ltr'><strong>inicium</strong></span> <span class='ocrx_word' id='word_1_214' title='bbox 453 2757 580 2840; x_wconf 71' lang='grc' dir='ltr'><strong><em>ἔφριξεν</em></strong></span> <span class='ocrx_word' id='word_1_215' title='bbox 593 2760 777 2842; x_wconf 56' lang='lat' dir='ltr'><strong>malopassu,</strong></span> <span class='ocrx_word' id='word_1_216' title='bbox 800 2762 878 2826; x_wconf 78' lang='lat' dir='ltr'><strong>teca</strong></span> <span class='ocrx_word' id='word_1_217' title='bbox 889 2767 1042 2827; x_wconf 79' lang='grc' dir='ltr'><strong><em>κλιθεῖσοιι</em></strong></span> 
     </span>
    </p>

    <p class='ocr_par' dir='ltr' id='par_1_9' title="bbox 138 2838 1250 3355">
     <span class='ocr_line' id='line_1_30' title="bbox 311 2838 1020 2929; baseline 0.004 -21"><span class='ocrx_word' id='word_1_218' title='bbox 311 2838 497 2927; x_wconf 72' lang='grc' dir='ltr'><strong><em>ἐργοπόνοις</em></strong></span> <span class='ocrx_word' id='word_1_219' title='bbox 509 2839 648 2927; x_wconf 79' lang='grc' dir='ltr'><strong><em>α’γκοῑνας</em></strong></span> <span class='ocrx_word' id='word_1_220' title='bbox 659 2846 857 2927; x_wconf 31' lang='grc' dir='ltr'><strong>,ἐπηράσαντο</strong></span> <span class='ocrx_word' id='word_1_221' title='bbox 870 2854 1020 2929; x_wconf 80' lang='grc' dir='ltr'><strong><em>γυναῖκες.</em></strong></span> 
     </span>
     <span class='ocr_line' id='line_1_31' title="bbox 138 2927 1249 3009; baseline -0.003 -16"><span class='ocrx_word' id='word_1_222' title='bbox 138 2930 195 2993; x_wconf 81' lang='lat' dir='ltr'><strong>his</strong></span> <span class='ocrx_word' id='word_1_223' title='bbox 213 2941 416 2990; x_wconf 87' lang='lat' dir='ltr'><strong>consentanea</strong></span> <span class='ocrx_word' id='word_1_224' title='bbox 435 2927 527 2988; x_wconf 87' lang='lat' dir='ltr'><strong>habet</strong></span> <span class='ocrx_word' id='word_1_225' title='bbox 545 2932 710 3009; x_wconf 78' lang='lat' dir='ltr'><strong>Euagrius,</strong></span> <span class='ocrx_word' id='word_1_226' title='bbox 734 2931 771 2991; x_wconf 91' lang='lat' dir='ltr'><strong>de</strong></span> <span class='ocrx_word' id='word_1_227' title='bbox 789 2932 932 2991; x_wconf 84' lang='lat' dir='ltr'><strong>lateribus</strong></span> <span class='ocrx_word' id='word_1_228' title='bbox 947 2928 1136 2991; x_wconf 81' lang='lat' dir='ltr'><strong>meridionali</strong></span> <span class='ocrx_word' id='word_1_229' title='bbox 1154 2938 1183 2989; x_wconf 84' lang='lat' dir='ltr'><strong>et</strong></span> <span class='ocrx_word' id='word_1_230' title='bbox 1198 2950 1249 2989; x_wconf 89' lang='lat' dir='ltr'><strong>se-</strong></span> 
     </span>
     <span class='ocr_line' id='line_1_32' title="bbox 139 3012 1250 3103; baseline 0.002 -26"><span class='ocrx_word' id='word_1_231' title='bbox 139 3016 338 3101; x_wconf 87' lang='lat' dir='ltr'><strong>ptentrionali</strong></span> <span class='ocrx_word' id='word_1_232' title='bbox 359 3017 416 3078; x_wconf 77' lang='lat' dir='ltr'><strong>cori</strong></span> <span class='ocrx_word' id='word_1_233' title='bbox 438 3018 517 3078; x_wconf 81' lang='lat' dir='ltr'><strong>vunai</strong></span> <span class='ocrx_word' id='word_1_234' title='bbox 536 3017 687 3075; x_wconf 89' lang='lat' dir='ltr'><strong>scribens:</strong></span> <span class='ocrx_word' id='word_1_235' title='bbox 708 3012 834 3103; x_wconf 75' lang='grc' dir='ltr'><strong><em>ὖπερῷοὶ</em></strong></span> <span class='ocrx_word' id='word_1_236' title='bbox 849 3040 881 3080; x_wconf 85' lang='grc' dir='ltr'><strong>τε</strong></span> <span class='ocrx_word' id='word_1_237' title='bbox 894 3019 1120 3098; x_wconf 62' lang='lat' dir='ltr'><strong>peremptionem</strong></span> <span class='ocrx_word' id='word_1_238' title='bbox 1139 3013 1250 3096; x_wconf 71' lang='grc' dir='ltr'><strong><em>ἑτέροις</em></strong></span> 
     </span>
     <span class='ocr_line' id='line_1_33' title="bbox 139 3096 1250 3183; baseline -0.005 -18"><span class='ocrx_word' id='word_1_239' title='bbox 139 3103 367 3182; x_wconf 67' lang='grc' dir='ltr'><strong>παραπλησίοις</strong></span> <span class='ocrx_word' id='word_1_240' title='bbox 386 3102 484 3175; x_wconf 71' lang='lat' dir='ltr'><strong>eicos,</strong></span> <span class='ocrx_word' id='word_1_241' title='bbox 504 3097 687 3179; x_wconf 73' lang='grc' dir='ltr'><strong><em>προκύπτειν</em></strong></span> <span class='ocrx_word' id='word_1_242' title='bbox 707 3108 770 3183; x_wconf 76' lang='grc' dir='ltr'><strong><em>τοῖς</em></strong></span> <span class='ocrx_word' id='word_1_243' title='bbox 789 3102 984 3183; x_wconf 67' lang='grc' dir='ltr'><strong><em>βουλομένοις</em></strong></span> <span class='ocrx_word' id='word_1_244' title='bbox 1007 3096 1142 3175; x_wconf 76' lang='grc' dir='ltr'><strong><em>διδόντες</em></strong></span> <span class='ocrx_word' id='word_1_245' title='bbox 1162 3100 1194 3174; x_wconf 82' lang='grc' dir='ltr'><strong>ἒς</strong></span> <span class='ocrx_word' id='word_1_246' title='bbox 1212 3098 1250 3161; x_wconf 77' lang='lat' dir='ltr'><strong>sd</strong></span> 
     </span>
     <span class='ocr_line' id='line_1_34' title="bbox 140 3183 1250 3269; baseline -0.006 -16"><span class='ocrx_word' id='word_1_247' title='bbox 140 3183 318 3265; x_wconf 73' lang='grc' dir='ltr'><strong><em>τελούμενα.</em></strong></span> <span class='ocrx_word' id='word_1_248' title='bbox 362 3184 400 3244; x_wconf 88' lang='lat' dir='ltr'><strong>de</strong></span> <span class='ocrx_word' id='word_1_249' title='bbox 426 3186 575 3247; x_wconf 87' lang='lat' dir='ltr'><strong>similibus</strong></span> <span class='ocrx_word' id='word_1_250' title='bbox 597 3188 709 3267; x_wconf 86' lang='lat' dir='ltr'><strong>pluteis</strong></span> <span class='ocrx_word' id='word_1_251' title='bbox 727 3190 911 3269; x_wconf 88' lang='lat' dir='ltr'><strong>interpositis</strong></span> <span class='ocrx_word' id='word_1_252' title='bbox 930 3190 974 3248; x_wconf 91' lang='lat' dir='ltr'><strong>sic</strong></span> <span class='ocrx_word' id='word_1_253' title='bbox 992 3186 1153 3263; x_wconf 82' lang='lat' dir='ltr'><strong>Paulinus,</strong></span> <span class='ocrx_word' id='word_1_254' title='bbox 1176 3183 1250 3246; x_wconf 88' lang='lat' dir='ltr'><strong>dum</strong></span> 
     </span>
     <span class='ocr_line' id='line_1_35' title="bbox 140 3270 540 3355; baseline -0.015 -20"><span class='ocrx_word' id='word_1_255' title='bbox 140 3277 209 3355; x_wconf 79' lang='lat' dir='ltr'><strong>egit</strong></span> <span class='ocrx_word' id='word_1_256' title='bbox 223 3272 261 3333; x_wconf 89' lang='lat' dir='ltr'><strong>de</strong></span> <span class='ocrx_word' id='word_1_257' title='bbox 275 3270 439 3353; x_wconf 86' lang='lat' dir='ltr'><strong>porticibus</strong></span> <span class='ocrx_word' id='word_1_258' title='bbox 456 3274 540 3330; x_wconf 86' lang='lat' dir='ltr'><strong>atrii:</strong></span> 
     </span>
    </p>

    <p class='ocr_par' dir='ltr' id='par_1_10' title="bbox 308 3356 938 3437">
     <span class='ocr_line' id='line_1_36' title="bbox 308 3356 938 3437; baseline -0.002 -21"><span class='ocrx_word' id='word_1_259' title='bbox 308 3356 365 3416; x_wconf 84' lang='lat' dir='ltr'><strong>sed</strong></span> <span class='ocrx_word' id='word_1_260' title='bbox 376 3358 571 3415; x_wconf 79' lang='lat' dir='ltr'><strong>circumiectis</strong></span> <span class='ocrx_word' id='word_1_261' title='bbox 584 3359 616 3416; x_wconf 84' lang='lat' dir='ltr'><strong>in</strong></span> <span class='ocrx_word' id='word_1_262' title='bbox 623 3356 794 3437; x_wconf 82' lang='lat' dir='ltr'><strong>porticibus</strong></span> <span class='ocrx_word' id='word_1_263' title='bbox 807 3358 938 3437; x_wconf 76' lang='lat' dir='ltr'><strong>sputisri</strong></span> 
     </span>
    </p>

    <p class='ocr_par' dir='ltr' id='par_1_11' title="bbox 309 3442 1060 3524">
     <span class='ocr_line' id='line_1_37' title="bbox 309 3442 1060 3524; baseline 0.003 -23"><span class='ocrx_word' id='word_1_264' title='bbox 309 3444 398 3522; x_wconf 80' lang='lat' dir='ltr'><strong>copia</strong></span> <span class='ocrx_word' id='word_1_265' title='bbox 412 3442 503 3522; x_wconf 76' lang='lat' dir='ltr'><strong>larga</strong></span> <span class='ocrx_word' id='word_1_266' title='bbox 516 3442 629 3515; x_wconf 80' lang='lat' dir='ltr'><strong>subeat,</strong></span> <span class='ocrx_word' id='word_1_267' title='bbox 650 3445 888 3524; x_wconf 79' lang='lat' dir='ltr'><strong>interpositisque</strong></span> <span class='ocrx_word' id='word_1_268' title='bbox 903 3442 1060 3503; x_wconf 81' lang='lat' dir='ltr'><strong>columnas</strong></span> 
     </span>
    </p>

    <p class='ocr_par' dir='ltr' id='par_1_12' title="bbox 141 3528 1254 4385">
     <span class='ocr_line' id='line_1_38' title="bbox 311 3528 758 3607; baseline 0 -21"><span class='ocrx_word' id='word_1_269' title='bbox 311 3528 455 3586; x_wconf 72' lang='lat' dir='ltr'><strong>camellis</strong></span> <span class='ocrx_word' id='word_1_270' title='bbox 463 3528 565 3607; x_wconf 83' lang='lat' dir='ltr'><strong>sessos</strong></span> <span class='ocrx_word' id='word_1_271' title='bbox 579 3528 758 3588; x_wconf 83' lang='lat' dir='ltr'><strong>incumbere.</strong></span> 
     </span>
     <span class='ocr_line' id='line_1_39' title="bbox 141 3608 1252 3695; baseline -0.002 -25"><span class='ocrx_word' id='word_1_272' title='bbox 141 3608 228 3695; x_wconf 82' lang='lat' dir='ltr'><strong>qnod</strong></span> <span class='ocrx_word' id='word_1_273' title='bbox 244 3630 316 3672; x_wconf 79' lang='lat' dir='ltr'><strong>vero</strong></span> <span class='ocrx_word' id='word_1_274' title='bbox 333 3614 375 3670; x_wconf 89' lang='lat' dir='ltr'><strong>ait</strong></span> <span class='ocrx_word' id='word_1_275' title='bbox 391 3616 557 3692; x_wconf 86' lang='lat' dir='ltr'><strong>Euagrius,</strong></span> <span class='ocrx_word' id='word_1_276' title='bbox 578 3615 688 3693; x_wconf 88' lang='lat' dir='ltr'><strong>pluteis</strong></span> <span class='ocrx_word' id='word_1_277' title='bbox 703 3613 945 3673; x_wconf 88' lang='lat' dir='ltr'><strong>incumbentibus</strong></span> <span class='ocrx_word' id='word_1_278' title='bbox 957 3611 1134 3672; x_wconf 90' lang='lat' dir='ltr'><strong>mulieribus</strong></span> <span class='ocrx_word' id='word_1_279' title='bbox 1149 3608 1252 3669; x_wconf 79' lang='lat' dir='ltr'><strong>divina</strong></span> 
     </span>
     <span class='ocr_line' id='line_1_40' title="bbox 143 3696 1252 3778; baseline -0.003 -21"><span class='ocrx_word' id='word_1_280' title='bbox 143 3696 290 3757; x_wconf 86' lang='lat' dir='ltr'><strong>sacrificia</strong></span> <span class='ocrx_word' id='word_1_281' title='bbox 304 3700 415 3757; x_wconf 86' lang='lat' dir='ltr'><strong>intueri</strong></span> <span class='ocrx_word' id='word_1_282' title='bbox 428 3700 564 3772; x_wconf 85' lang='lat' dir='ltr'><strong>licuisse,</strong></span> <span class='ocrx_word' id='word_1_283' title='bbox 587 3697 618 3757; x_wconf 94' lang='lat' dir='ltr'><strong>id</strong></span> <span class='ocrx_word' id='word_1_284' title='bbox 632 3697 865 3778; x_wconf 88' lang='lat' dir='ltr'><strong>intelligendum</strong></span> <span class='ocrx_word' id='word_1_285' title='bbox 879 3710 924 3758; x_wconf 89' lang='lat' dir='ltr'><strong>est</strong></span> <span class='ocrx_word' id='word_1_286' title='bbox 937 3698 974 3757; x_wconf 91' lang='lat' dir='ltr'><strong>da</strong></span> <span class='ocrx_word' id='word_1_287' title='bbox 987 3700 1053 3758; x_wconf 91' lang='lat' dir='ltr'><strong>loco</strong></span> <span class='ocrx_word' id='word_1_288' title='bbox 1067 3696 1203 3758; x_wconf 86' lang='lat' dir='ltr'><strong>sacrificii</strong></span> <span class='ocrx_word' id='word_1_289' title='bbox 1217 3716 1252 3754; x_wconf 90' lang='lat' dir='ltr'><strong>ac</strong></span> 
     </span>
     <span class='ocr_line' id='line_1_41' title="bbox 143 3781 1254 3863; baseline -0.002 -22"><span class='ocrx_word' id='word_1_290' title='bbox 143 3783 283 3841; x_wconf 68' lang='lat' dir='ltr'><strong>berneres</strong></span> <span class='ocrx_word' id='word_1_291' title='bbox 305 3802 378 3841; x_wconf 90' lang='lat' dir='ltr'><strong>nam</strong></span> <span class='ocrx_word' id='word_1_292' title='bbox 399 3781 472 3843; x_wconf 90' lang='lat' dir='ltr'><strong>dum</strong></span> <span class='ocrx_word' id='word_1_293' title='bbox 492 3782 570 3843; x_wconf 92' lang='lat' dir='ltr'><strong>illud</strong></span> <span class='ocrx_word' id='word_1_294' title='bbox 590 3784 805 3863; x_wconf 85' lang='lat' dir='ltr'><strong>peragebatur,</strong></span> <span class='ocrx_word' id='word_1_295' title='bbox 826 3786 929 3844; x_wconf 84' lang='lat' dir='ltr'><strong>velum</strong></span> <span class='ocrx_word' id='word_1_296' title='bbox 949 3788 1050 3843; x_wconf 87' lang='lat' dir='ltr'><strong>statim</strong></span> <span class='ocrx_word' id='word_1_297' title='bbox 1067 3782 1105 3841; x_wconf 86' lang='lat' dir='ltr'><strong>ad</strong></span> <span class='ocrx_word' id='word_1_298' title='bbox 1122 3784 1254 3841; x_wconf 90' lang='lat' dir='ltr'><strong>interco-</strong></span> 
     </span>
     <span class='ocr_line' id='line_1_42' title="bbox 142 3868 1253 3950; baseline -0.003 -23"><span class='ocrx_word' id='word_1_299' title='bbox 142 3868 261 3927; x_wconf 89' lang='lat' dir='ltr'><strong>lumnia</strong></span> <span class='ocrx_word' id='word_1_300' title='bbox 284 3868 522 3943; x_wconf 85' lang='lat' dir='ltr'><strong>subducebatur,</strong></span> <span class='ocrx_word' id='word_1_301' title='bbox 544 3890 643 3949; x_wconf 87' lang='lat' dir='ltr'><strong>neque</strong></span> <span class='ocrx_word' id='word_1_302' title='bbox 664 3871 701 3929; x_wconf 88' lang='lat' dir='ltr'><strong>iis</strong></span> <span class='ocrx_word' id='word_1_303' title='bbox 723 3872 821 3950; x_wconf 87' lang='lat' dir='ltr'><strong>capita</strong></span> <span class='ocrx_word' id='word_1_304' title='bbox 844 3881 896 3929; x_wconf 90' lang='lat' dir='ltr'><strong>aut</strong></span> <span class='ocrx_word' id='word_1_305' title='bbox 917 3870 1020 3930; x_wconf 86' lang='lat' dir='ltr'><strong>oculos</strong></span> <span class='ocrx_word' id='word_1_306' title='bbox 1035 3868 1074 3928; x_wconf 89' lang='lat' dir='ltr'><strong>ad</strong></span> <span class='ocrx_word' id='word_1_307' title='bbox 1089 3868 1142 3927; x_wconf 87' lang='lat' dir='ltr'><strong>illa</strong></span> <span class='ocrx_word' id='word_1_308' title='bbox 1155 3869 1253 3945; x_wconf 89' lang='lat' dir='ltr'><strong>inspi-</strong></span> 
     </span>
     <span class='ocr_line' id='line_1_43' title="bbox 145 3951 1252 4037; baseline -0.005 -24"><span class='ocrx_word' id='word_1_309' title='bbox 145 3951 253 4013; x_wconf 83' lang='lat' dir='ltr'><strong>cienda</strong></span> <span class='ocrx_word' id='word_1_310' title='bbox 276 3958 449 4032; x_wconf 89' lang='lat' dir='ltr'><strong>promittere</strong></span> <span class='ocrx_word' id='word_1_311' title='bbox 471 3956 528 4013; x_wconf 85' lang='lat' dir='ltr'><strong>sub</strong></span> <span class='ocrx_word' id='word_1_312' title='bbox 550 3954 749 4015; x_wconf 86' lang='lat' dir='ltr'><strong>anathematis</strong></span> <span class='ocrx_word' id='word_1_313' title='bbox 769 3976 866 4037; x_wconf 88' lang='lat' dir='ltr'><strong>poena</strong></span> <span class='ocrx_word' id='word_1_314' title='bbox 888 3956 934 4015; x_wconf 86' lang='lat' dir='ltr'><strong>sas</strong></span> <span class='ocrx_word' id='word_1_315' title='bbox 957 3966 1030 4014; x_wconf 87' lang='lat' dir='ltr'><strong>erat.</strong></span> <span class='ocrx_word' id='word_1_316' title='bbox 1073 3952 1106 4012; x_wconf 93' lang='lat' dir='ltr'><strong>id</strong></span> <span class='ocrx_word' id='word_1_317' title='bbox 1129 3957 1252 4013; x_wconf 88' lang='lat' dir='ltr'><strong>omuino</strong></span> 
     </span>
     <span class='ocr_line' id='line_1_44' title="bbox 145 4038 1252 4123; baseline -0.004 -26"><span class='ocrx_word' id='word_1_318' title='bbox 145 4038 290 4117; x_wconf 85' lang='lat' dir='ltr'><strong>colligere</strong></span> <span class='ocrx_word' id='word_1_319' title='bbox 306 4050 352 4099; x_wconf 86' lang='lat' dir='ltr'><strong>est</strong></span> <span class='ocrx_word' id='word_1_320' title='bbox 364 4060 404 4097; x_wconf 86' lang='lat' dir='ltr'><strong>ex</strong></span> <span class='ocrx_word' id='word_1_321' title='bbox 416 4042 484 4099; x_wconf 90' lang='lat' dir='ltr'><strong>Vita</strong></span> <span class='ocrx_word' id='word_1_322' title='bbox 501 4042 533 4099; x_wconf 88' lang='lat' dir='ltr'><strong>S.</strong></span> <span class='ocrx_word' id='word_1_323' title='bbox 547 4042 671 4116; x_wconf 87' lang='lat' dir='ltr'><strong>Basilii,</strong></span> <span class='ocrx_word' id='word_1_324' title='bbox 695 4062 772 4123; x_wconf 89' lang='lat' dir='ltr'><strong>quae</strong></span> <span class='ocrx_word' id='word_1_325' title='bbox 792 4038 1003 4123; x_wconf 83' lang='lat' dir='ltr'><strong>Amphilochia</strong></span> <span class='ocrx_word' id='word_1_326' title='bbox 1021 4040 1176 4109; x_wconf 88' lang='lat' dir='ltr'><strong>tribuitur,</strong></span> <span class='ocrx_word' id='word_1_327' title='bbox 1201 4040 1252 4117; x_wconf 85' lang='lat' dir='ltr'><strong>qui</strong></span> 
     </span>
     <span class='ocr_line' id='line_1_45' title="bbox 143 4124 1253 4201; baseline -0.003 -19"><span class='ocrx_word' id='word_1_328' title='bbox 143 4126 220 4182; x_wconf 85' lang='lat' dir='ltr'><strong>ritus</strong></span> <span class='ocrx_word' id='word_1_329' title='bbox 238 4124 322 4183; x_wconf 87' lang='lat' dir='ltr'><strong>illius</strong></span> <span class='ocrx_word' id='word_1_330' title='bbox 342 4136 445 4184; x_wconf 82' lang='lat' dir='ltr'><strong>auctor</strong></span> <span class='ocrx_word' id='word_1_331' title='bbox 461 4124 556 4184; x_wconf 87' lang='lat' dir='ltr'><strong>fuisse</strong></span> <span class='ocrx_word' id='word_1_332' title='bbox 570 4125 697 4185; x_wconf 85' lang='lat' dir='ltr'><strong>videtur.</strong></span> <span class='ocrx_word' id='word_1_333' title='bbox 740 4146 812 4185; x_wconf 90' lang='lat' dir='ltr'><strong>nam</strong></span> <span class='ocrx_word' id='word_1_334' title='bbox 831 4148 900 4185; x_wconf 90' lang='lat' dir='ltr'><strong>oum</strong></span> <span class='ocrx_word' id='word_1_335' title='bbox 918 4126 1128 4184; x_wconf 87' lang='lat' dir='ltr'><strong>mulierculam</strong></span> <span class='ocrx_word' id='word_1_336' title='bbox 1151 4126 1253 4201; x_wconf 87' lang='lat' dir='ltr'><strong>impu-</strong></span> 
     </span>
     <span class='ocr_line' id='line_1_46' title="bbox 145 4206 1252 4289; baseline -0.005 -22"><span class='ocrx_word' id='word_1_337' title='bbox 145 4206 213 4267; x_wconf 87' lang='lat' dir='ltr'><strong>dice</strong></span> <span class='ocrx_word' id='word_1_338' title='bbox 227 4209 286 4267; x_wconf 86' lang='lat' dir='ltr'><strong>sibi</strong></span> <span class='ocrx_word' id='word_1_339' title='bbox 301 4210 540 4269; x_wconf 88' lang='lat' dir='ltr'><strong>subministranti</strong></span> <span class='ocrx_word' id='word_1_340' title='bbox 554 4209 680 4271; x_wconf 89' lang='lat' dir='ltr'><strong>diacono</strong></span> <span class='ocrx_word' id='word_1_341' title='bbox 694 4224 897 4289; x_wconf 87' lang='lat' dir='ltr'><strong>annuentem,</strong></span> <span class='ocrx_word' id='word_1_342' title='bbox 920 4209 993 4270; x_wconf 88' lang='lat' dir='ltr'><strong>dum</strong></span> <span class='ocrx_word' id='word_1_343' title='bbox 1007 4209 1044 4269; x_wconf 89' lang='lat' dir='ltr'><strong>de</strong></span> <span class='ocrx_word' id='word_1_344' title='bbox 1060 4206 1252 4267; x_wconf 86' lang='lat' dir='ltr'><strong>catechume-</strong></span> 
     </span>
     <span class='ocr_line' id='line_1_47' title="bbox 144 4288 1251 4385; baseline -0.004 -32"><span class='ocrx_word' id='word_1_345' title='bbox 144 4296 203 4353; x_wconf 87' lang='lat' dir='ltr'><strong>uiis</strong></span> <span class='ocrx_word' id='word_1_346' title='bbox 217 4295 250 4351; x_wconf 93' lang='lat' dir='ltr'><strong>in</strong></span> <span class='ocrx_word' id='word_1_347' title='bbox 263 4295 358 4354; x_wconf 82' lang='lat' dir='ltr'><strong>altare</strong></span> <span class='ocrx_word' id='word_1_348' title='bbox 372 4298 572 4377; x_wconf 87' lang='lat' dir='ltr'><strong>prospiceret,</strong></span> <span class='ocrx_word' id='word_1_349' title='bbox 595 4296 789 4375; x_wconf 84' lang='lat' dir='ltr'><strong>advertisset,</strong></span> <span class='ocrx_word' id='word_1_350' title='bbox 811 4298 880 4360; x_wconf 77' lang='lat' dir='ltr'><strong>vela</strong></span> <span class='ocrx_word' id='word_1_351' title='bbox 897 4300 929 4358; x_wconf 90' lang='lat' dir='ltr'><strong>ln</strong></span> <span class='ocrx_word' id='word_1_352' title='bbox 947 4292 1180 4357; x_wconf 87' lang='lat' dir='ltr'><strong>catechumeniis</strong></span> <span class='ocrx_word' id='word_1_353' title='bbox 1196 4288 1251 4385; x_wconf 51' lang='lat' dir='ltr'><strong>ap,-</strong></span> 
     </span>
    </p>
   </div>
   <div class='ocr_carea' id='block_1_4' title="bbox 0 0 1514 4850">
    <p class='ocr_par' dir='ltr' id='par_1_13' title="bbox 0 0 1514 4850">
     <span class='ocr_line' id='line_1_48' title="bbox 0 0 1514 4850; baseline 0 0"><span class='ocrx_word' id='word_1_354' title='bbox 0 0 1514 4850; x_wconf 95' lang='lat' dir='ltr'><strong> </strong></span> 
     </span>
    </p>
   </div>
  </div>
 </body>
</html>
