3000 4850
826 197 837 216 ,
945 162 965 206 e

259 307 334 380 118
506 302 721 391 Qumcws
743 300 791 370 ΙΝ
815 297 1123 373 munitionis

257 468 706 621 mbqsppiginipam
718 466 875 553 qncdipsi
886 472 948 531 late
959 470 1117 551 pervagati
1129 470 1192 530 iam
1206 467 1363 532 adistrmn

388 578 442 617 ran

342 650 418 711 ⁸19.
458 602 667 722 'eropum
676 664 714 721 p.
731 640 902 709 aeorum
917 642 1094 703 unacum
1104 640 1363 723 emmaum.

257 733 336 793 tium
349 750 431 789 anno
447 740 610 810 postquam
627 726 701 787 inde
720 739 825 787 contra
840 731 949 787 Persas
964 727 1160 789 dimicaturus
1177 728 1363 803 dhoeuerat,

258 816 313 877 sed
327 834 451 874 cansam
461 818 579 874 reticet.
596 812 785 895 Nicephorus
793 815 968 893 cpolitanos
976 825 1079 873 autem
1092 818 1194 874 omnia
1207 834 1364 893 perperam

128 963 135 976 ,
257 899 447 962 confundens
461 899 501 959 de
512 896 572 959 hac
582 904 682 980 prima
694 898 891 979 expeditione
902 902 1035 959 Heraclii
1050 900 1168 959 nnllam
1179 904 1365 959 mentionem

256 990 341 1047 iacit.
383 986 461 1046 haec
478 998 583 1044 tamen
601 997 689 1044 erant
708 985 816 1045 sedulo
836 983 988 1061 nomnda,
1015 1004 1055 1044 ne
1069 1004 1131 1067 qna
1144 988 1271 1044 oriretur
1284 985 1366 1043 diffi-

256 1075 365 1132 cultas.
406 1083 490 1151 patet
508 1074 593 1130 enim
612 1092 655 1130 ex
670 1070 775 1131 Pisida
796 1072 972 1129 Heraclium
995 1090 1075 1129 anno
1098 1074 1219 1151 imperii
1243 1074 1291 1129 sui
1314 1072 1366 1145 13,

161 1166 172 1183 ⁶
257 1158 371 1218 christi
390 1162 454 1223 623
476 1177 517 1215 ex
533 1160 679 1217 Armenia
699 1160 734 1215 in
750 1155 917 1217 Thraciam
935 1176 1107 1230 reversum,
1135 1168 1170 1215 nt
1182 1154 1367 1233 foedifragos

259 1246 375 1303 Ahares
389 1244 584 1321 reprimeret,
612 1263 649 1302 ac
663 1244 760 1302 tribus
777 1254 846 1321 post
861 1244 947 1301 annis
963 1262 1034 1301 curn
1045 1240 1141 1300 iidem
1152 1243 1267 1301 Abares
1285 1243 1368 1319 cpo-

259 1332 317 1387 lim
332 1328 462 1407 diripere
476 1339 568 1408 atque
585 1340 720 1387 evertere
732 1330 833 1387 moliti
846 1337 934 1403 sunt,
955 1330 989 1386 in
1002 1324 1127 1387 Perside
1141 1328 1298 1385 Heraclius
1309 1324 1369 1384 de-

261 1416 362 1493 gebat.
391 1411 475 1471 ‘vide
488 1414 527 1471 de
540 1412 618 1473 bello
631 1415 734 1473 Avar.
747 1414 811 1478 246
827 1426 856 1471 et
865 1434 949 1493 seqq.

346 1497 420 1565 324·
462 1496 562 1557 codex
576 1497 628 1558 hio
639 1498 732 1559 habet
744 1500 942 1574 versiculum,
969 1500 1023 1579 qni
1037 1497 1186 1577 legendus
1197 1515 1273 1556 mox
1282 1494 1369 1555 renit

261 1586 319 1645 snb
336 1604 463 1643 numero
478 1586 558 1649 328:
585 1580 666 1648 orico
684 1582 719 1649 τὸ
730 1580 846 1649 πιστόν.
888 1604 944 1644 nos
962 1595 1110 1665 tanquam
1129 1579 1275 1669 περισσόν
1294 1583 1370 1640 reii-

263 1669 407 1730 oiendnm
417 1690 483 1729 esse
495 1674 679 1749 putavimus.

348 1760 422 1822 836.
464 1753 669 1838 Theophanes
682 1755 758 1815 ibril-
783 1752 800 1820 ὅ
818 1752 853 1819 δὲ
871 1752 1014 1837 doorledr
1029 1751 1086 1819 riv
1105 1749 1233 1838 orpcrdv
1251 1749 1309 1816 adr
1327 1755 1372 1837 τῷ

261 1845 418 1926 «parmi
429 1840 604 1907 amatodo
616 1844 661 1920 εἰς
671 1837 831 1926 Ἀρμενίαν
847 1836 1078 1924 παραχειμάσαι,
1092 1836 1185 1915 ariade
1196 1840 1240 1915 εἰς
1253 1833 1372 1915 Βυζάν-

258 1952 328 1992 τιον
337 1926 537 2010 ὖπῖστρεψεν.
577 1976 582 1983 .

347 2014 421 2079 34⁰.
464 2033 555 2094 saepe
584 2015 618 2072 in
649 2013 860 2074 ecclesiasticis
888 2014 1058 2075 auctoribus
1087 2012 1215 2072 occurrit
1241 2010 1370 2069 verbum

260 2094 431 2181 suceptio,
444 2118 505 2179 quo
516 2102 581 2158 vita
592 2098 634 2157 ad
640 2098 828 2159 christianae
840 2103 959 2159 vinctis
974 2118 1114 2159 normam
1127 2100 1263 2157 instituta
1273 2096 1370 2178 signi·

261 2185 384 2258 licetur,
409 2194 444 2241 nt
455 2182 507 2241 hic
517 2188 551 2243 in
563 2194 677 2243 nostro.
719 2185 791 2244 vide
804 2187 921 2245 Suiceri
941 2186 1027 2244 Thes.
1044 2184 1220 2242 Ecoksshat.

349 2267 423 2332 348·
467 2270 572 2327 confer
584 2290 680 2345 cupra
692 2290 723 2327 ν.
742 2274 806 2334 182
820 2282 850 2329 at
861 2292 944 2351 seqq.
962 2270 1000 2329 de
1015 2268 1119 2328 Pisida
1136 2272 1169 2328 iu
1180 2267 1262 2325 bello
1273 2266 1370 2325 comi-

261 2364 346 2412 tante
361 2354 550 2431 Heraclium,
578 2372 711 2435 quocum
730 2355 828 2413 multa
848 2358 1072 2433 familiaritate,
1093 2366 1127 2413 ut
1139 2352 1274 2430 ridetur,
1295 2370 1371 2410 onn-

260 2441 380 2500 imerus
394 2440 464 2498 fuir.

349 2523 423 2588 349.
467 2521 543 2604 qnid
569 2521 655 2583 hisce
679 2526 790 2586 iambis
815 2529 890 2587 velit
912 2525 1034 2603 Pisida,
1073 2547 1136 2587 non
1165 2528 1238 2588 satis
1261 2525 1371 2605 liquet.

262 2629 388 2683 rernm,
416 2611 451 2667 ni
462 2611 570 2683 fallor,
596 2607 649 2668 hio
662 2609 780 2670 adludit
797 2612 836 2671 ad
849 2615 1082 2674 severianorum
1095 2611 1263 2685 haeresim,
1292 2627 1371 2690 qnae

263 2707 309 2755 tot
320 2695 423 2754 turbae
436 2697 580 2754 excitavit
592 2698 627 2753 in
641 2699 762 2756 Oriente
780 2709 810 2756 et
825 2701 965 2758 Heraclio
983 2703 1151 2779 imperante
1168 2696 1268 2756 adhuc
1282 2697 1371 2772 rige-

264 2783 327 2840 bat.
368 2779 478 2840 idcireo
492 2791 596 2840 antem
609 2779 682 2840 dicit
700 2803 767 2842 esse
784 2780 902 2843 detecta
915 2789 1059 2864 mysteria
1074 2785 1257 2865 iniquitatis,
1288 2777 1373 2861 quod

256 2867 440 2941 flerauius,
460 2876 496 2925 nt
508 2869 630 2947 opinor,
655 2866 714 2927 hoo
726 2872 826 2949 primo
839 2874 873 2928 in
887 2873 1008 2930 Oriente
1021 2873 1129 2930 itinere
1144 2878 1249 2950 aperte
1260 2865 1372 2945 depre-

266 2950 374 3012 hendit
400 2972 515 3012 errores
542 2955 620 3012 circa
639 2955 817 3034 religionem
838 2959 918 3016 iuter
936 2954 1122 3015 christianos
1142 2953 1333 3014 disseminari
1351 2970 1371 3010 a

265 3039 383 3113 Persis,
408 3049 443 3098 nt
455 3041 584 3098 Romani
595 3041 719 3101 interae
731 3039 942 3101 dissentientes
956 3061 1071 3100 novum
1083 3042 1221 3100 Heraclio
1238 3039 1372 3097 isoesse-

266 3135 334 3183 rent
345 3127 512 3203 negotium,
528 3135 558 3182 et
569 3126 741 3184 Romanum
753 3129 916 3208 imperium
927 3146 991 3185 non
1001 3137 1121 3186 tantum
1136 3127 1268 3184 externis
1278 3141 1371 3204 qnam

264 3211 393 3270 internis
414 3220 602 3290 premeretur
621 3210 835 3272 incommodis.
878 3211 961 3294 quod
980 3231 1053 3272 sane
1068 3213 1102 3270 fit
1119 3211 1314 3270 manifestum
1330 3225 1372 3266 ex

262 3313 295 3353 v·
308 3297 350 3361 36
363 3307 486 3376 etacqq.
504 3315 606 3374 poem.
624 3309 730 3356 contro
746 3298 891 3358 Sevmrm
898 3321 913 3374 ,·
937 3299 991 3358 nbi
1011 3298 1100 3380 plura
1115 3298 1203 3358 nobis
1218 3305 1305 3355 erunt
1321 3291 1371 3352 di-

264 3378 362 3439 cenda
376 3380 415 3441 de
425 3380 486 3442 hoo
496 3384 591 3462 impio
603 3380 825 3443 haeresiarcha.

351 3468 426 3542 351.
467 3470 632 3548 multiplex
644 3471 789 3530 errcrrel
800 3466 899 3550 hydra
910 3481 973 3529 erat
985 3467 1119 3530 haeresis
1130 3468 1269 3542 Manetis,
1291 3483 1372 3546 quae

266 3570 308 3610 ex
328 3552 488 3612 Persarum
511 3553 716 3615 deliramentis
745 3567 811 3616 crta
839 3567 868 3614 et
888 3557 949 3614 late
969 3567 1133 3636 propagate
1151 3557 1250 3614 varios
1271 3549 1374 3610 induit

265 3648 404 3716 aspectus
417 3639 473 3697 snb
486 3641 607 3700 Meneta
620 3645 754 3722 primum
769 3645 853 3721 ipso,
876 3639 986 3700 deinde
999 3643 1055 3701 sub
1072 3637 1226 3721 Eutyche,
1247 3635 1374 3696 dcmnm

266 3723 324 3781 snh
337 3723 449 3783 Severo
463 3734 495 3783 et
508 3727 576 3785 aliis
588 3728 756 3787 innumeris
771 3723 937 3787 eorundem
950 3729 1083 3788 asseclis.
1127 3737 1158 3786 at
1172 3743 1253 3784 nnnc
1267 3719 1374 3781 Pisida

253 3803 346 3866 hanc
358 3806 488 3888 hydram
500 3831 595 3872 unam
605 3823 724 3872 tanturn
737 3815 782 3872 ait
791 3811 970 3893 protendere
981 3816 1138 3890 cervicem,
1160 3813 1273 3872 scilicet
1287 3827 1374 3868 erro·

264 3911 331 3952 rem
344 3893 637 3976 monophysitarum,
659 3898 793 3960 chosroe
806 3902 885 3960 eires
899 3910 930 3958 et
942 3902 1078 3958 euimum
1091 3895 1313 3979 suppeditante.

351 3980 426 4045 863.
468 3979 540 4041 hino
559 3984 679 4044 ridetur
695 4005 785 4065 posse
808 3987 915 4044 ooniiei
927 3986 1101 4044 Heraclium
1112 3988 1145 4043 in
1158 3982 1300 4043 Anneuia
1315 3975 1376 4038 de-

266 4076 390 4144 gentem
403 4085 473 4126 onm
483 4059 588 4149 'aliquo
600 4068 721 4130 doctore
730 4067 946 4152 hionophyaita
960 4091 1062 4130 coram
1072 4068 1174 4130 Pisida
1186 4067 1375 4147 disputara03

268 4169 306 4209 ac
317 4162 474 4231 propterea
482 4153 618 4214 Pisidssn
631 4154 731 4215 dicere
745 4176 779 4215 se
791 4159 894 4215 mirari
905 4153 964 4216 hoo
977 4155 1093 4237 hydrae
1104 4157 1215 4215 collum
1227 4171 1290 4212 non
1305 4169 1376 4209 esse

267 4247 441 4313 exsectum,
468 4251 630 4322 postquam
642 4243 676 4300 in
690 4243 868 4316 Herculem,
896 4239 1192 4315 licencentiam,
1214 4235 1378 4298 inciderat.

268 4317 351 4382 hunc
368 4335 471 4384 antem
492 4323 646 4387 doctorem
660 4328 757 4388 fnisse
773 4328 915 4388 Paullum
930 4329 1138 4405 Severianum,
1160 4341 1292 4408 quocum
1307 4323 1381 4382 lle-
