3000 4850
247 378 286 427 rr
711 350 888 439 Quaacn

251 534 285 587 ut
305 541 453 605 magnum
472 516 738 603 scevophylaeem,
762 531 843 581 certe
863 528 899 581 nt
917 536 1014 580 unmn
1031 536 1074 579 ex
1090 514 1225 583 diaconis
1244 538 1352 582 soevo·

253 626 450 711 phylaoibus,
472 622 554 709 apud
573 624 714 705 Sergiam
732 634 762 684 et
781 625 954 684 Herada'mn
967 622 1238 703 planelgratiosum
1249 621 1354 685 homi·

252 750 326 790 nem
348 730 515 803 exstitisse,
535 736 640 808 utpote
663 727 717 808 qui
732 726 864 785 multum
882 726 1009 806 polleret
1020 724 1144 803 ingenio
1158 735 1189 783 et
1200 724 1355 789 scribendi

253 832 408 892 facultate.
452 828 507 889 sed
524 848 585 888 non
603 826 746 889 audiendi
759 840 830 888 sant
841 829 964 888 omnino
977 827 1029 909 qui
1042 846 1115 885 eum
1127 824 1217 887 modo
1231 826 1353 889 charto-

253 932 416 1017 phylacem
442 930 533 993 modo
561 928 798 991 referendarium
823 931 949 990 faciunt.
990 926 1102 989 Saldae
1124 928 1248 1010 quidem
1267 932 1301 988 in
1319 950 1354 990 r.

219 1086 223 1096 .
255 1030 406 1121 I'tro'pysoe
420 1034 579 1095 diaconum
595 1044 625 1092 et
640 1030 920 1114 chartophylacem,
940 1028 1128 1112 Nicephorus
1142 1032 1284 1092 callistus
1296 1045 1355 1092 tu-

254 1148 319 1199 tem
346 1141 425 1198 lfist.
448 1140 489 1203 18
511 1133 552 1201 48
578 1132 815 1195 referendarium
835 1156 905 1195 eum
923 1134 1067 1215 appellat.
1108 1136 1246 1195 maxima
1260 1136 1355 1195 etiam

255 1238 395 1301 codicum
408 1258 471 1299 mss
484 1248 529 1297 est
541 1239 738 1297 inconstantia
751 1240 784 1298 in
796 1239 885 1297 titulo
898 1247 928 1296 et
941 1236 1086 1316 dignitate
1100 1234 1286 1316 designanda
1297 1238 1354 1296 Pi·

254 1341 355 1412 sldae:
383 1360 457 1401 nam
476 1341 510 1400 in
532 1337 684 1400 codicibus
704 1337 845 1400 biblioth.
866 1342 967 1420 regiae
986 1341 1165 1400 parisiensis
1183 1350 1214 1399 et
1229 1341 1264 1399 in
1281 1336 1354 1421 qui-

255 1443 386 1505 busdam
398 1446 489 1504 etiam
500 1444 651 1505 Vaticanis
662 1440 805 1503 diaconus
816 1440 1024 1503 tantummodo
1035 1453 1176 1518 vocatur3
1197 1452 1228 1501 et
1238 1443 1272 1500 iu
1284 1438 1354 1502 cod.

255 1545 481 1609 vindobonensi
496 1548 559 1610 209
576 1543 659 1625 apud
669 1546 868 1605 hambeoimn
881 1545 937 1604 lib.
953 1545 974 1609 5
986 1564 1019 1626 p.
1034 1549 1076 1611 19
1093 1542 1238 1605 diaconas
1253 1554 1285 1603 et
1302 1564 1355 1603 ne-

251 1646 460 1725 fereudarius,
483 1659 514 1707 et
526 1648 581 1706 lib.
599 1652 618 1713 6
631 1668 663 1729 p.
679 1650 739 1713 162
757 1645 899 1708 diaconus
913 1657 944 1708 et
957 1645 1196 1729 chartophylax3
1219 1645 1356 1728 itemque

253 1752 286 1810 in
299 1740 440 1810 biblioth.
452 1752 649 1810 Taurioensis
664 1748 730 1810 ood.
746 1750 810 1815 804
824 1747 1060 1830 chartophylax,
1081 1759 1113 1809 et
1130 1750 1164 1808 in
1176 1745 1278 1808 codice
1291 1751 1361 1813 860

254 1848 473 1911 referendarius
503 1849 621 1912 dicitur.
662 1872 821 1933 perperam
851 1863 953 1912 autem
983 1850 1172 1913 doofissimos
1201 1852 1356 1911 fabricius

254 1954 310 2013 lib.
324 1956 345 2017 7
359 1974 389 2033 p.
403 1956 465 2019 691
482 1964 642 2037 utrumque
663 1956 787 2014 titulum
804 1956 976 2031 coniunxit,
997 1964 1029 2013 et
1041 1956 1206 2033 Georgimn
1217 1962 1357 2012 noenum

255 2052 521 2135 chartophylacem
546 2066 577 2116 et
600 2056 838 2116 referendarium
857 2055 1036 2116 declaravit:
1064 2075 1138 2115 nam
1157 2072 1356 2137 quaeeunque
1442 2060 1445 2065 '

255 2156 347 2217 fuerit
364 2159 428 2216 eius
446 2155 596 2237 dignitas,
621 2170 700 2217 certe
720 2178 782 2218 una
799 2160 892 2219 simul
903 2156 1123 2239 chartophylax
1137 2168 1167 2217 et
1179 2154 1357 2218 referenda·

255 2258 318 2317 rius
332 2277 398 2318 esse
413 2278 474 2317 non
489 2262 604 2339 potuit,
626 2258 708 2342 quod
720 2258 961 2341 chartophylacis
976 2271 1007 2321 et
1020 2258 1217 2321 referendarii
1230 2259 1291 2320 duo
1305 2280 1357 2320 es·

255 2367 323 2418 sent
335 2379 462 2419 munera
476 2361 509 2419 in
526 2362 651 2424 ecclesia
665 2363 821 2443 Gpolitana
841 2362 999 2441 distincta,
1022 2382 1099 2445 quae
1114 2382 1177 2424 non
1192 2382 1272 2424 unus
1287 2362 1356 2422 ohi-

134 2479 162 2534 p.
178 2464 240 2522 vm
258 2471 313 2538 ret,
334 2458 389 2523 sed
401 2481 479 2543 quae
491 2464 605 2522 viritim
617 2467 648 2523 in
663 2463 722 2526 duo
736 2469 834 2548 capita
846 2465 1102 2526 distribuerentur.
1144 2468 1257 2526 meiius
1266 2467 1357 2525 silla·

256 2566 316 2624 tius
329 2566 500 2624 testimonio
514 2565 624 2625 Suidae
638 2567 741 2643 fretus,
764 2580 794 2628 et
806 2568 941 2629 oudinus
952 2569 1098 2627 Aliatium
1109 2579 1265 2651 sequutus,
1287 2567 1357 2628 dia-

258 2685 368 2725 oonum
385 2677 415 2726 et
429 2665 690 2749 chartophylacem
709 2673 872 2752 Georgium
885 2673 1087 2731 nominarunt.
1130 2681 1161 2732 at
1175 2673 1358 2733 Guiiielmus

258 2769 338 2828 Cave
357 2771 458 2829 minus
477 2783 613 2832 accurate
633 2775 783 2850 scribens,
814 2785 844 2834 et
864 2773 897 2834 in
915 2784 979 2833 toto
998 2775 1124 2834 articulo
1139 2771 1177 2833 de
1188 2773 1291 2834 Pisida
1306 2782 1357 2834 te-

256 2868 359 2930 xendo
377 2875 504 2953 turpiter
522 2873 704 2953 alucinator,
726 2897 796 2936 eum
806 2877 879 2936 iecit
891 2887 922 2936 et
935 2875 1086 2938 rhetorem
1099 2887 1130 2936 et
1143 2873 1358 2955 chartophyla-

258 2993 325 3033 cem
345 2993 475 3055 magnae
498 2979 641 3039 ecclesiae
666 2979 859 3060 cpolitanae,
888 2977 998 3041 deinde
1021 2982 1114 3040 etiam
1133 2979 1358 3059 metropolitam

258 3079 321 3138 sive
342 3076 600 3161 archiepiscopum
618 3081 889 3142 Nicomediensem.
931 3083 958 3144 sl
970 3103 1026 3164 pro
1037 3081 1157 3142 rhetore
1170 3088 1293 3160 poetam
1307 3081 1358 3140 di-

258 3181 353 3240 xisset
373 3181 526 3260 Pisidam,
548 3187 634 3245 nulia
655 3196 734 3245 esset
752 3188 969 3244 controversia:
997 3195 1030 3245 at
1047 3187 1134 3244 nulla
1153 3187 1219 3244 eius
1236 3194 1358 3246 exstant

259 3301 350 3360 opera
363 3280 517 3345 rhetorum
530 3307 613 3346 more
627 3291 753 3369 scripta,
773 3307 831 3346 neo
845 3285 918 3369 quid
930 3289 1029 3347 simile
1040 3305 1175 3370 unquam
1188 3287 1358 3348 elaborasse

259 3379 404 3444 traditum
425 3398 481 3446 est.
524 3388 579 3449 sed
599 3389 749 3450 rhetorem
771 3399 802 3448 et
821 3387 1080 3470 archiepiscopum
1096 3389 1358 3452 Nicomedieusem

259 3486 331 3544 fecit
346 3489 425 3546 Care
441 3489 546 3549 eodem
564 3513 662 3552 errore
679 3491 803 3568 ductus,
823 3511 885 3573 quo
903 3503 1058 3552 antaeum
1071 3493 1123 3551 alii
1139 3491 1259 3573 decepti
1276 3503 1358 3569 sunt,

260 3589 424 3670 Georgium
451 3593 586 3652 Pisidam
623 3615 692 3654 cum
720 3597 851 3675 Georgio
877 3594 1100 3655 Nicomediensi
1129 3595 1357 3672 confundentes,

259 3688 342 3770 quod
361 3694 546 3754 hirenissent
566 3707 726 3778 utrumque
739 3697 876 3778 pluribus
887 3698 922 3755 in
935 3697 1089 3758 codicibus
1102 3708 1134 3758 et
1148 3699 1313 3777 Georgium
1327 3706 1358 3755 et

261 3791 524 3876 chartophylacem
540 3800 742 3878 appeliatum3
765 3802 903 3882 quamvis
920 3819 1027 3876 nemo,
1049 3799 1134 3882 quod
1147 3803 1257 3875 sciam,
1277 3801 1359 3859 ih‘si-

261 3893 331 3982 datn
351 3897 500 3960 rhetorem
521 3905 687 3962 nominarit
704 3907 934 3984 praetereare,
959 3905 1028 3985 qui,
1050 3914 1084 3962 ut
1098 3902 1232 3978 videtur,
1253 3903 1359 3960 foetam

260 3999 318 4057 sibi
338 4001 402 4060 lieri
422 4021 528 4082 passus
548 4017 592 4065 est
614 4009 663 4065 vel
677 3991 699 4067 'a
714 4006 815 4067 codice
833 4003 973 4066 biblioth.
986 4009 1111 4065 Antonii
1125 4005 1304 4085 Argentini,
1325 4005 1359 4061 in

259 4121 319 4180 quo
334 4106 427 4163 oratio
442 4105 485 4180 εἰς
498 4103 532 4172 sd
549 4102 719 4190 εἰσήκεισαν
731 4107 813 4191 παρὰ
827 4115 871 4196 τῷ
883 4113 1003 4193 σταυρῷ
1015 4113 1072 4173 τοῦ
1079 4102 1180 4189 Ἰησοῦ
1193 4109 1248 4167 sub
1261 4107 1359 4166 Geor·

258 4206 300 4282 gii
324 4203 450 4267 rhetoris
472 4212 603 4291 episcopi
625 4212 820 4271 Nicomediae
839 4214 963 4271 nomine
980 4211 1152 4291 legebatur,
1173 4211 1224 4269 sel
1242 4207 1358 4270 socdi-

258 4307 341 4368 cibus
353 4308 633 4372 Vindohouensibus
651 4313 733 4394 apud
744 4317 941 4374 Lambeoium
954 4315 1007 4374 lib.
1023 4315 1044 4380 6
1062 4335 1093 4394 p-
1111 4310 1171 4380 144
1185 4323 1217 4372 ei
1228 4315 1309 4390 277,
1329 4320 1360 4369 0²
