3000 4850
360 272 364 279 ’
459 304 658 426 eaasrcee
682 304 892 373 scaoesn
917 305 974 375 nr.
1199 308 1269 379 119

160 476 271 537 reclina
295 472 462 555 disputarit
483 474 517 533 in
537 472 673 553 partibus
686 474 865 547 Arsaniae,
895 485 929 535 ut
945 482 1073 535 testatur
1092 474 1215 555 Sergius
1235 478 1269 537 in

159 581 215 621 sne
229 561 357 706 epigola
375 557 416 617 ad
427 560 612 635 Honoriuan,
640 556 714 617 alibi
729 558 922 639 probabimus
937 560 969 619 in
982 562 1100 620 hinnite
1110 560 1150 621 ad
1159 568 1268 642 po'e‘ma

159 657 263 707 witin
301 664 437 707 mmm·
623 689 628 700 .
781 688 784 701 .

215 729 320 877 ἐξ.
362 750 433 796 esre
446 739 549 790 ratem
561 731 630 812 quis
646 727 726 789 diest
743 728 895 806 Pisidam,
918 731 972 811 qui
987 727 1138 791 chosroae
1152 730 1272 793 eludam

181 835 215 877 ra
291 818 325 876 't.
866 842 868 848 ,

159 836 180 899 P
244 903 321 967 ³57.
362 894 422 980 sels
438 896 548 980 elisas]
567 896 698 959 subaudi
710 894 797 963 susal.
1124 930 1128 943 =

244 989 318 1051 362.
362 982 482 1045 clandii
500 985 668 1044 Ptolemaei
685 986 857 1045 Pelusiotae
872 1002 979 1065 opera,
1014 986 1067 1065 qui
1080 989 1266 1067 temporibus

158 1074 202 1131 Μ.
224 1072 342 1131 Aurelii
361 1072 509 1131 Antonini
536 1071 570 1129 in
588 1068 797 1130 Alexandnnn
830 1066 984 1129 sommia
1012 1076 1212 1132 astronomiae
1235 1085 1266 1133 et

158 1158 340 1235 astrologiae
351 1154 459 1215 studiis
473 1156 574 1215 oleras
586 1156 717 1231 virebat,
732 1157 848 1215 notiora
860 1165 930 1215 sunt
942 1174 1034 1237 quam
1047 1154 1108 1215 diei
1118 1170 1265 1237 oporteat.

158 1240 332 1347 Pisidathie
343 1242 554 1321 Almagestum
565 1239 697 1317 indieat,
724 1259 785 1322 quo
800 1242 832 1299 in
852 1240 928 1344 lihro
940 1242 1132 1302 Ptolemaeus
1146 1260 1202 1323 pro
1217 1246 1265 1305 sni

157 1325 1030 1494 ugendhgfflndfftdffitdrltddpnffxhewtlomm
1045 1412 1137 1471 etiam
1152 1417 1267 1497 papeia,

159 1495 243 1581 qnod
255 1499 283 1557 si
296 1498 412 1579 plaeet,
434 1490 485 1562 δι’
501 1490 633 1578 lquos
644 1496 826 1557 vertendum
840 1507 886 1557 est
899 1494 940 1555 ob
952 1496 1069 1556 ultim
1082 1508 1178 1558 terras
1194 1520 1266 1581 par-

159 1584 259 1657 tibus3
282 1585 369 1665 qnasi
381 1593 485 1643 noster
499 1583 579 1642 laeta
591 1584 740 1643 allusione
754 1580 795 1641 ad
806 1580 1015 1663 expeditiones
1029 1585 1172 1659 lleraalii,
1194 1588 1266 1667 qni-

158 1670 217 1729 bus
227 1670 261 1727 in
271 1671 434 1749 penitiores
447 1670 540 1728 Asiae
551 1678 652 1748 partes
663 1670 843 1748 penetrarit,
865 1666 947 1727 dieat
959 1669 1024 1727 eius
1036 1671 1168 1749 regionis
1178 1672 1266 1732 ineo-

159 1756 199 1815 lis
210 1766 359 1836 tanquam
372 1772 487 1813 norum
501 1750 715 1835 Phosphornm
728 1754 903 1834 apparuisse
915 1754 1099 1813 Heraclium.

244 1842 319 1905 888.
362 1841 503 1921 quamvis
520 1837 576 1899 diu
593 1840 785 1921 multmnqne
799 1858 890 1919 opera
904 1838 1073 1899 Ptolemaei
1081 1842 1266 1901 versarerim

158 1924 271 1984 nullibi
284 1921 364 1985 mihi
377 1925 464 1984 lieuit
474 1925 612 1985 invenire
625 1927 818 2000 ratioinium,
852 1921 935 2005 quod
948 1928 1054 2003 poeta,
1076 1942 1169 2007 qnam
1187 1926 1269 1985 belle
1372 1951 1375 1959 ¹

158 2012 252 2091 plene
264 2011 379 2086 neseio,
400 2008 457 2071 sed
468 2021 571 2073 tamen
581 2012 615 2069 in
627 2010 802 2070 Heraclium
816 2008 968 2071 transfert.
990 2011 1094 2093 itaque
1107 2019 1159 2069 aut
1170 2012 1268 2073 inter-

159 2094 400 2171 eidisseloeum,
427 2094 468 2155 sd
482 2114 575 2177 quem
585 2094 696 2157 alludit
707 2094 829 2172 Pisida,
860 2092 1024 2155 elinandum
1040 2105 1103 2170 est,
1134 2106 1186 2155 ant
1201 2118 1269 2157 esse

159 2174 298 2242 eididem
322 2200 365 2241 ex
387 2180 570 2261 quibusdam
592 2182 693 2241 verbis
714 2183 1025 2262 interpretamentum.
1069 2190 1203 2241 aetenam
1225 2202 1265 2243 ne

158 2286 281 2348 prorsus
303 2259 493 2349 dsdpdoelos
510 2264 583 2325 hiae
602 2264 811 2343 dhoehmne,
845 2263 935 2325 detur
954 2267 1143 2327 oonieoturae
1167 2268 1265 2329 lonas.

159 2356 262 2436 itaque
280 2353 325 2413 sio
345 2348 489 2413 hariolos.
538 2352 732 2413 Ptolemaeus
756 2372 827 2411 oum
847 2351 937 2433 plane
959 2362 1096 2413 nosceret
1118 2364 1265 2436 qnantum

156 2449 276 2500 veteres
298 2439 477 2513 astronomi,
506 2435 655 2498 Eudoxus
676 2436 892 2500 Eratosthenes
913 2439 1059 2499 Geminus
1082 2441 1217 2500 Marinus
1234 2453 1266 2502 et

158 2526 230 2600 alii,
262 2525 392 2584 interae
412 2521 566 2604 disparem
579 2525 612 2582 in
626 2525 725 2604 polari
735 2525 823 2584 stelle
840 2521 1026 2599 definienda,
1054 2543 1112 2584 neo
1125 2528 1191 2606 ipse
1204 2528 1264 2586 ali-

157 2612 244 2670 mius
258 2611 394 2691 opinioni
409 2610 500 2669 fenile
514 2611 717 2684 assentiretur,
743 2610 873 2672 fortasse
885 2611 997 2669 alieubi
1009 2609 1090 2670 dixit
1102 2611 1168 2671 fore
1182 2621 1264 2672 nm·

156 2715 217 2776 pns
232 2714 292 2778 qno
307 2695 397 2774 polus
409 2695 501 2769 alter,
533 2713 569 2753 ae
586 2695 678 2774 plane
693 2695 732 2753 ah
746 2715 784 2755 eo
796 2695 933 2756 diversus
947 2696 1000 2776 qui
1016 2705 1088 2755 tame
1103 2715 1169 2758 esee
1181 2697 1263 2757 lere-

156 2782 256 2856 batur,
276 2781 448 2859 sapientum
460 2778 574 2840 iudieio
587 2779 816 2841 interhominea
829 2782 1067 2840 eonstitueretur.
1095 2799 1173 2862 quae
1190 2801 1263 2842 oon-

157 2869 305 2926 tenuem
325 2864 500 2925 wetmare
512 2875 652 2945 ponent,
680 2863 792 2928 videsis
806 2869 838 2925 in
853 2867 970 2926 retesti
985 2865 1169 2946 Uranotogio
1185 2868 1263 2927 Die-

157 2962 230 3012 ssrt.
250 2953 325 3012 Ver.
342 2948 397 3010 lib.
410 2956 433 3017 8
448 2971 476 3009 o.
491 2951 514 3018 4
528 2962 649 3031 etseqq.

245 3041 319 3104 880.
360 3033 487 3111 alludit,
514 3037 637 3117 opinor,
667 3033 707 3095 ad
718 3045 851 3096 metrum
865 3036 1046 3112 iambicum,
1075 3053 1135 3118 quo
1152 3038 1262 3111 utitur-3

158 3123 249 3205 qussi
260 3119 341 3184 dieat
353 3133 438 3203 gesta
450 3121 582 3182 llaraolii
594 3123 680 3204 epioe
693 3124 825 3182 earmina
840 3122 950 3184 melius
964 3133 995 3182 et
1006 3121 1127 3203 dignius
1142 3126 1264 3182 tractari

157 3219 322 3363 ”mandit
364 3295 468 3356 aonfer
481 3303 738 3445 qusepequsmtnr
749 3313 818 3356 oona
830 3295 977 3356 Heraens.
996 3291 1037 3360 86
1050 3304 1079 3354 et
1091 3313 1174 3374 seqq.

246 3465 320 3531 407.
361 3466 466 3526 Pisida
486 3477 603 3526 veteres
616 3465 719 3546 esdpas
733 3465 865 3526 ileraolii
878 3467 1038 3526 nominans
1054 3465 1162 3524 taeitos
1177 3460 1266 3523 vide-

159 3563 211 3612 tur
226 3549 446 3632 reprehendere
457 3553 578 3613 illieitas
588 3554 727 3631 nuptias,
748 3571 825 3633 quea
839 3551 891 3610 ilie
905 3571 975 3612 enm
989 3551 1051 3608 lilia
1065 3552 1176 3610 sororis
1192 3569 1265 3609 auae

159 3641 322 3698 eontraxit.
351 3656 415 3697 rem
428 3639 535 3698 aeriter
545 3640 679 3719 exagitat
691 3636 878 3718 Nioephorns
893 3638 948 3717 cp.
960 3659 997 3716 p.
1018 3640 1074 3710 103
1098 3637 1150 3718 qni
1163 3645 1266 3694 tamen

156 3721 237 3784 illud
249 3721 351 3799 addit,
382 3724 489 3803 Sergio
505 3719 701 3784 vehementer
718 3723 843 3784 instanti
856 3733 888 3782 ut
903 3723 1047 3782 scelestae
1063 3721 1186 3802 nuptiae
1200 3721 1265 3782 sol·

156 3819 309 3885 serentur,
331 3809 505 3874 Heraolium
519 3811 562 3869 ite
576 3806 786 3890 respondisse:
811 3805 854 3884 sle
866 3799 901 3873 sd
912 3804 969 3890 pls
983 3807 1045 3888 ἔχοι
1062 3802 1099 3870 sd
1115 3801 1198 3890 nepai
1217 3825 1266 3870 sos

155 3888 321 3976 λεγόμενα·
341 3889 431 3979 dydp
445 3913 494 3960 aas
506 3892 592 3977 zelor
603 3892 646 3970 sle
657 3888 791 3978 dpzsspsi
801 3892 854 3957 sal
865 3895 957 3980 φηςι,
977 3889 1039 3978 ἤδη
1053 3887 1249 3967 ἀποδέδωκας

154 3973 213 4060 8φ’
225 3977 302 4061 ἡμῖν
314 3977 350 4044 dl
361 3975 397 4044 sd
411 3979 519 4046 losada
531 3982 662 4046 salsam
671 3976 709 4044 sd
722 3985 779 4062 τῆς
790 3973 935 4064 πράξεως,

243 4068 319 4132 412.
361 4064 443 4146 Rag-
461 4065 482 4131 l
502 4070 524 4131 2
549 4070 603 4129 11.

245 4147 320 4218 416·
362 4150 461 4210 Ksed
479 4153 518 4216 18
541 4153 591 4215 11.
614 4151 782 4212 eommunis
798 4159 844 4211 eat
855 4159 976 4234 petrum
988 4149 1137 4212 sententia
1150 4147 1267 4204 hiosern

153 4237 191 4296 in
205 4239 318 4295 sertiee
331 4237 444 4296 montis
456 4234 672 4296 extendentem
682 4254 792 4296 manus
807 4257 876 4296 enen
888 4239 974 4317 virga
988 4237 1082 4296 fuisse
1095 4231 1268 4314 symbolum

154 4319 273 4382 Christi
293 4323 327 4380 in
348 4339 435 4382 ornae
456 4319 634 4404 pendentis,
663 4341 723 4406 qao
744 4341 853 4384 manus
873 4343 944 4385 suaa
965 4324 996 4381 in
1010 4323 1095 4400 ligno
1111 4335 1164 4399 pro
1181 4315 1268 4376 nobis

201 4431 301 4504 tleerg.
325 4430 408 4487 Pisid.
1021 4423 1059 4485 11
