3000 4850
463 310 520 377 ΔΙ)
541 308 825 383 metallorum
841 310 1001 383 NOTAE
1213 316 1287 390 131

179 476 281 541 duxit.
324 477 362 537 ab
378 474 437 539 hoc
453 477 741 539 consceleratissimo
754 485 885 559 qranno
901 478 1028 561 eiusque
1043 478 1288 563 profligatissimo

179 574 304 647 parente
318 566 449 623 laaurico
463 567 565 625 heooe
579 566 687 644 nuperi
700 565 752 624 isti
764 583 918 624 sacrarmn
930 566 1100 645 imaginum
1115 566 1287 631 effractores

180 670 253 710 cum
272 652 403 708 amentia
419 648 577 730 perfidiam
592 647 775 725 hauserunt,
795 650 895 733 iisque
907 653 1061 730 magistris
1075 662 1168 734 stqns
1181 663 1289 715 aucto·

180 736 266 794 ribus
287 735 464 813 glorianmr.
508 754 549 795 ex
570 733 681 795 horum
700 736 834 795 factione
852 738 1035 797 vanissimus
1054 737 1108 796 ille
1124 737 1288 820 Nicephori

181 818 359 881 scholiastes
380 820 568 881 Camerarius
585 822 682 881 multa
697 821 730 880 in
748 822 953 881 sanctissimas
970 821 1040 882 illas
1052 823 1215 902 religiones
1232 844 1287 884 ea-

180 924 310 985 rumque
336 902 527 965 defensorem
556 908 736 967 ocenimum
757 908 904 967 loannem
922 906 1146 967 Damascenum
1165 909 1289 971 furiosis

180 992 243 1050 illis
264 993 296 1048 in
319 994 540 1051 commentariis
554 992 704 1068 evomuit,
725 993 761 1051 iu
773 993 886 1075 quibua
899 1003 974 1075 quot
987 993 1139 1075 syllabas,
1160 992 1289 1056 totidem

180 1077 233 1137 rel
249 1094 351 1155 nugae
367 1078 418 1137 rsl
435 1075 641 1158 blasphemiae
661 1086 742 1139 sunt.
1212 1077 1214 1082 ’

265 1216 297 1277 p·
311 1198 350 1260 81
366 1214 397 1257 v.
413 1200 463 1261 16.
504 1194 539 1261 ίν
550 1201 615 1270 τοῖς
627 1191 829 1277 καλουμένοις
838 1189 967 1275 τάφοις]
988 1193 1108 1275 Pelagii
1126 1191 1287 1276 sepulchra

181 1297 260 1361 quae
280 1281 394 1340 inerint
410 1280 541 1341 declarat
551 1278 758 1362 Theophanes
770 1283 804 1340 in
815 1278 942 1341 historia
955 1279 1144 1341 Constantini
1157 1283 1287 1361 patriar-

182 1364 275 1424 chae.
298 1362 332 1429 τδ
353 1363 388 1430 δὲ
406 1371 494 1447 ccipe
515 1366 645 1450 ἔρριψαν
660 1367 705 1442 είς
717 1362 755 1430 sd
770 1367 922 1449 Πελαγίαν
935 1362 1079 1447 σύροντες
1093 1358 1185 1429 αδτό·
1206 1364 1288 1430 tvnc

179 1445 288 1537 πρῴην
310 1447 367 1532 μὲν
385 1448 524 1533 ν’ντῆργεν
544 1450 563 1517 o‘
580 1456 637 1534 τῆς
658 1450 748 1535 dying
762 1445 914 1534 μάρτυρος
930 1452 1082 1536 Πελογίας
1096 1445 1189 1525 ναός,
1211 1446 1249 1515 δν
1265 1448 1285 1516 δ
1300 1450 1324 1505 Ρ
1340 1446 1377 1505 ⁸4

178 1534 331 1684 ἔθεομιοῆς
348 1535 518 1613 καταλύσας
534 1534 587 1601 καί
604 1531 705 1618 τάφον
725 1538 898 1601 καταδίκων
919 1530 1053 1620 πονήσας
1076 1530 1115 1600 τοί
1132 1537 1285 1620 Πελαγίαν

196 1616 333 1685 adlecta.

264 1742 297 1801 p·
311 1723 353 1787 82
369 1740 400 1783 V·
414 1723 447 1787 6⁰
492 1722 542 1805 Τῷ
561 1712 596 1783 od
614 1715 698 1807 αὐτῷ
710 1720 785 1803 lm]
808 1740 837 1782 fl·
852 1722 1037 1805 copronymi
1049 1720 1110 1799 24,
1131 1718 1240 1783 India·
1252 1719 1285 1799 42

179 1808 314 1867 Ianuarii
327 1810 366 1871 21
386 1814 488 1867 contra
500 1806 648 1887 Balgaros
661 1810 773 1886 morit,
795 1810 838 1867 ait
849 1806 1067 1889 Theophanes.
1106 1826 1211 1866 revera
1227 1826 1285 1866 an·

178 1912 237 1952 nus
254 1894 318 1952 eius
333 1891 454 1973 imperii
466 1892 525 1950 fuit
539 1893 592 1967 25,
613 1890 725 1953 Christi
737 1897 810 1959 766.
853 1895 891 1953 ab
904 1914 941 1953 ea
955 1892 1146 1973 expeditione
1160 1894 1286 1972 turpiter

179 1976 270 2037 rediit
289 1978 360 2037 lulii
382 1981 432 2042 17.
475 1974 547 2035 inde
566 1978 698 2058 Augusti
713 1979 755 2043 21
776 1989 873 2039 totam
887 1979 967 2040 hanc
980 1974 1168 2059 tragoediam
1181 1988 1286 2038 contra

180 2062 365 2124 orthodoxae
380 2082 415 2122 ac
427 2065 589 2143 praecipue
603 2062 769 2124 monachos
783 2066 937 2126 excitarit.
1013 2123 1015 2126 .

262 2168 343 2245 P·88
359 2165 449 2229 v.10.
491 2158 607 2228 τούτων
620 2162 655 2229 di
666 2158 709 2247 ἦν
716 2158 879 2247 Ἀντίοχος]
900 2163 1024 2227 eosdem
1033 2158 1285 2225 recensetTheo·

181 2248 299 2331 phenes
314 2260 346 2309 et
357 2250 470 2310 Paulus
483 2250 646 2311 Diaconos.
688 2249 854 2335 λογοθίτνγς
867 2256 924 2316 τοῦ
938 2246 1056 2336 δρόμον
1071 2249 1182 2310 dicitur
1196 2246 1249 2308 hic
1265 2267 1285 2308 ι

178 2334 350 2419 Nicephoro
365 2333 384 2399 δ
395 2338 458 2398 τοῖν
470 2334 624 2415 δημοσίαν
635 2332 820 2418 πραγμάτων
831 2332 886 2413 udo
895 2331 1083 2417 dracontium
1091 2335 1285 2415 διακομίζων,

180 2420 265 2504 quod
281 2422 418 2501 magistri
436 2422 600 2482 memoriae
620 2424 778 2504 proprium
797 2433 872 2484 erat.
915 2425 984 2507 qul,
1008 2432 1044 2483 ut
1064 2424 1159 2483 estin
1175 2421 1285 2480 notitia

178 2509 300 2589 imperii
315 2507 490 2583 orientalis,
510 2511 717 2568 annotationes
731 2507 839 2584 dictat,
860 2506 919 2568 hoc
933 2519 979 2570 est
993 2508 1281 2590 scripturulam,

180 2595 291 2676 quibua
306 2612 342 2653 ea
355 2593 545 2654 continentur
562 2611 640 2675 quae
658 2596 802 2676 principia
815 2597 940 2654 nomine
956 2604 1128 2655 statuuntur
1140 2602 1193 2651 aut
1208 2611 1284 2652 con·

179 2681 347 2738 firmarrtur.
396 2675 451 2737 sed
470 2688 500 2737 et
516 2679 655 2760 precibus
677 2678 854 2760 respondet,
885 2677 944 2740 hoc
961 2689 1007 2740 est
1025 2697 1168 2758 responsa
1191 2674 1284 2735 dictat

180 2783 261 2847 quas
273 2766 414 2845 princeps
428 2763 541 2822 libellis
556 2765 742 2844 supplicibus
756 2763 883 2823 dederit.
927 2763 967 2823 ad
978 2762 1053 2823 haec
1065 2762 1231 2842 diplomata
1242 2757 1283 2825 ad

181 2848 363 2909 currendum
377 2850 499 2908 nomine
518 2851 662 2929 principis
678 2851 729 2908 rel
744 2852 882 2929 magistri
899 2849 1067 2908 officiorum
1083 2846 1155 2906 darc
1171 2865 1284 2905 mime-

181 2937 224 2995 ria
246 2933 382 2996 eiusdem
402 2933 476 3008 tuit,
498 2952 517 2991 a
531 2951 592 3014 quo
605 2932 770 3015 λογοθίτης
782 2937 838 2997 τοῦ
853 2931 970 3016 δρόμον
987 2933 1084 2992 dicms
1100 2940 1157 2991 est.
1199 2939 1284 2990 cete-

179 3041 250 3080 rum
271 3018 354 3102 apud
370 3015 593 3098 Theophanem
607 3019 836 3095 Constantinus,
857 3038 920 3078 non
934 3015 1117 3093 Antiochus,
1138 3016 1282 3097 patricius
1398 3034 1402 3040 ·

181 3103 291 3166 dicitrn
307 3115 337 3164 et
348 3102 513 3186 ίογοθίτης
524 3107 580 3166 τοῦ
593 3097 719 3184 δρόμον.
762 3106 847 3166 cuim
866 3105 959 3164 frater
975 3105 1141 3184 strategius
1156 3099 1282 3182 spatha-

179 3193 243 3252 rius
262 3202 291 3252 et
307 3189 488 3251 domesticus
502 3189 722 3249 excubitorum.

264 3291 308 3352 th.
322 3312 353 3353 r.
365 3296 419 3356 21.
460 3287 554 3372 δ’ρκον
577 3283 648 3355 κατ’
668 3284 785 3372 αὐτοῦ]
806 3291 938 3371 Augusti
960 3291 1003 3356 80
1028 3285 1136 3348 indict.
1155 3282 1177 3351 1
1199 3285 1281 3346 Con·

178 3380 310 3441 stantino
325 3375 559 3458 patriarchatum
569 3377 693 3457 abrogat
706 3370 894 3458 δόμοίννμος
906 3376 1128 3449 Constantinus,
1149 3390 1281 3452 eumque

178 3467 313 3610 pilpplppu
325 3467 359 3523 in
371 3464 517 3540 Hiemem,
537 3461 610 3522 inde
626 3466 659 3522 iu
670 3465 847 3544 Principum
858 3463 991 3522 insulam
1004 3459 1152 3541 deportat.
1172 3455 1281 3519 Theo·

176 3569 198 3631 P
263 3670 295 3729 p-
309 3648 350 3715 84
363 3669 394 3710 v.
408 3651 441 3714 8·
485 3643 625 3731 Νινήναν
639 3645 691 3729 δὲ]
712 3649 891 3710 Novembris
905 3651 944 3713 16
958 3644 1027 3722 dis,
1047 3642 1116 3707 ind.
1130 3643 1168 3720 5,
1187 3645 1281 3705 Nios-

178 3745 225 3797 tas
241 3737 278 3795 ab
291 3737 469 3816 imperatore
482 3734 522 3795 ad
535 3733 769 3833 patriarchalem
779 3733 885 3795 sedem
900 3745 1022 3794 erectus
1037 3741 1093 3792 eat.
1135 3729 1230 3792 idem.

264 3835 306 3895 ih.
320 3857 350 3896 r.
363 3843 395 3903 7.
438 3837 552 3920 φορείῳ
573 3831 795 3917 ἔποχονμενον]
818 3837 984 3896 tamenim
1004 3832 1165 3894 crudeliter
1178 3834 1280 3913 impe-

179 3924 285 3983 ratoris
298 3925 383 3982 iussu
396 3924 553 4002 vapularet
564 3932 599 3980 ut
611 3919 750 3982 incedere
762 3942 824 3984 non
838 3932 950 4004 possm.
972 3919 1011 3980 de
1025 3923 1091 3982 eius
1103 3915 1280 4001 καδαορίσεν

178 4027 215 4068 ac
229 4011 417 4068 accusatione
429 4005 644 4088 Theophanes.

265 4108 307 4170 ib.
323 4130 355 4169 r.
372 4111 424 4174 18.
464 4113 510 4194 spi
521 4106 698 4194 ναίονμίνφ
709 4106 835 4194 Mello]
856 4105 908 4168 adi
925 4105 1053 4168 Suidam
1068 4115 1099 4165 et
1113 4101 1280 4182 curopala-

179 4206 233 4257 ten
253 4197 318 4256 sire
341 4193 502 4256 Codicum
544 4192 715 4256 aedificium
734 4192 889 4278 quoddam
905 4194 994 4276 cpoli
1006 4194 1066 4254 fuit
1080 4191 1176 4272 cignis
1188 4188 1281 4251 variis
