3000 4850
584 298 833 369 PRAEFATIO.
1206 325 1265 375 m

163 462 348 526 refutandam
366 466 411 523 nil
433 466 556 524 faciunt
564 466 660 525 iambi
674 485 751 548 quos
765 486 807 526 ex
819 464 922 526 Pisida
935 468 1051 547 profert
1063 468 1262 550 Nicephorus.

162 590 237 629 error
252 580 356 628 antem
370 568 476 629 Severi
490 578 581 649 atque
592 574 734 630 omnium
748 567 1030 649 Monopbysiturum
1045 572 1104 630 fuit
1122 583 1156 631 ut
1168 593 1262 633 unum

161 690 200 728 ex
211 667 326 731 duabus
340 677 373 728 in
388 668 506 731 Christo
518 680 659 731 naturam
672 672 740 751 po'st
751 673 915 747 unionem,
938 670 998 731 hoc
1012 684 1058 732 eat
1071 678 1105 732 in
1119 677 1262 736 incarna-

161 776 254 849 tione,
277 771 468 848 adsererent;
480 776 576 833 cuius
598 772 789 833 deliramenti
810 776 987 853 praestigias
1001 794 1137 855 nequeas
1148 780 1260 840 melius

160 872 296 955 detegere
313 888 410 966 satque
427 878 622 956 impugnare,
644 896 735 957 quam
757 880 784 936 si
803 896 873 935 cum
888 874 992 936 Pisida
1004 874 1103 938 dicuat
1123 880 1198 939 bena
1210 893 1258 953 uc,

162 978 279 1049 Severe,
300 979 330 1035 ai
349 988 377 1035 te
397 999 458 1037 non
478 990 668 1058 repugnante
687 980 786 1037 altera
804 992 846 1038 ert
865 981 1047 1051 divinitatem
1072 982 1170 1041 atam
1190 1004 1260 1043 vero

158 1079 356 1137 humanitrdia
386 1083 420 1139 in
452 1081 569 1143 wate
597 1093 708 1140 nutura
715 1124 728 1154 ,
750 1083 907 1162 quomodo
930 1084 1059 1141 numm
1079 1096 1109 1141 et
1130 1086 1261 1147 alteram

159 1203 251 1241 unum
272 1203 333 1240 esse
352 1183 449 1242 debis?
491 1204 590 1243 nonne
610 1185 667 1243 hoe
690 1189 782 1244 etium
799 1188 906 1265 pnerrb
922 1186 1082 1245 rudendum
1103 1190 1177 1260 crit,
1205 1192 1262 1269 qui

155 1286 248 1364 platea
266 1296 381 1345 nomnt
401 1308 436 1345 ex
455 1308 519 1345 um
534 1298 563 1344 et
576 1308 640 1346 una
653 1308 714 1347 non
730 1310 824 1346 unam
837 1289 892 1347 aed
902 1289 981 1348 duae
991 1289 1154 1367 coalescere
1166 1301 1260 1349 naua

159 1388 232 1447 rur?
274 1400 365 1470 atque
385 1386 462 1449 haec
477 1392 520 1449 ita
535 1391 626 1469 plane
641 1388 816 1471 accipienda
829 1410 895 1449 esse
911 1393 1011 1471 operis
1026 1403 1186 1453 contextus
1203 1391 1259 1452 de-

157 1502 320 1551 monstrat:
342 1494 385 1549 ite
406 1493 598 1572 animatque
620 1490 679 1551 hoc
700 1494 792 1573 plene
812 1496 903 1551 sensu
921 1491 1038 1551 laudati
1056 1514 1075 1552 a
1087 1493 1259 1574 nicephoro

158 1594 249 1653 iambi
266 1597 301 1651 in
321 1592 470 1653 Serenam
492 1598 716 1675 intorquentur,
739 1595 895 1670 utvidere
920 1606 966 1654 est
985 1616 1014 1658 v.
1036 1601 1099 1662 633
1123 1608 1154 1657 et
1170 1617 1258 1680 seqq.

157 1696 228 1757 inde
243 1708 345 1755 antam
358 1700 451 1757 etiam
466 1696 590 1776 colligas
606 1695 761 1756 evidenter
771 1718 877 1757 ornnes
894 1710 964 1777 post
973 1696 1177 1777 Nicephorum
1189 1702 1258 1758 alu·
1358 1749 1364 1759 .

160 1802 273 1859 cinctos'
286 1820 352 1859 esse
364 1802 540 1879 scriptores,
560 1802 660 1879 quiec
677 1798 753 1859 duce
768 1799 911 1860 dixenmt
924 1800 1059 1859 Pisidam
1070 1800 1154 1861 hisce
1167 1823 1258 1861 sena-

159 1905 209 1961 riis
223 1901 430 1983 philoponum
442 1901 601 1960 lacessere.
640 1906 743 1984 itaque
759 1905 889 1961 Allatius
900 1906 1034 1981 primum
1045 1901 1104 1963 hoc
1120 1908 1259 1964 testimo·

158 2008 208 2063 uio
233 2002 396 2085 Nicephori
417 2004 512 2061 fretus
531 2022 663 2063 asserere
683 2026 746 2064 non
770 2003 918 2074 dubitauit
937 2006 1102 2084 Georgium
1122 2019 1259 2067 nostmm

159 2108 258 2188 aliquo
277 2110 387 2185 scripto
409 2103 577 2165 Iohannem
597 2106 801 2187 Philoponum
815 2110 939 2188 eiusque
955 2119 1135 2170 sectatorum
1149 2108 1259 2171 heere-

157 2212 215 2268 sim
236 2228 443 2289 oppugnasse3
473 2200 589 2269 caveus
611 2222 712 2269 autern
734 2221 765 2269 et
786 2208 921 2270 oudinus
941 2210 1078 2271 eiusdem
1094 2212 1260 2293 Nicephcri

157 2315 331 2372 auctoritate
356 2322 386 2371 et
406 2310 466 2371 fide
484 2314 560 2371 moti
575 2316 607 2371 in
625 2310 829 2392 Philoponum
843 2317 998 2395 scripsisse
1010 2314 1146 2375 Pisidam
1156 2338 1212 2397 pro
1226 2339 1259 2376 ru

158 2427 235 2476 certa
256 2414 443 2492 habuerunt,
465 2414 520 2476 sed
541 2437 611 2475 curn
634 2390 716 2498 qubd
736 2414 795 2475 hoc
817 2429 897 2477 emet
913 2439 989 2498 opus
1005 2421 1038 2476 in
1053 2417 1259 2501 Philoponum

157 2523 301 2599 scriptum
313 2522 502 2598 ignorarent,
516 2523 628 2580 omnia
641 2539 801 2599 perperam
812 2525 974 2581 miscentes
986 2532 1017 2580 et
1029 2525 1062 2580 in
1074 2545 1170 2584 unum
1183 2545 1258 2583 con-

156 2621 332 2697 fundentes,
354 2639 417 2681 non
434 2621 522 2683 'aliud
539 2635 632 2704 quam
652 2626 864 2684 Hexatimeron
886 2623 963 2682 illud
985 2644 1051 2684 esse
1071 2626 1258 2686 iudicaruntt

157 2746 225 2784 cum
245 2737 348 2786 autem
369 2728 403 2783 in
425 2745 462 2784 eo
482 2732 621 2806 petinere
644 2727 786 2786 Proclum
804 2729 955 2785 nominari
969 2727 1259 2805 animadvertissent,

155 2829 274 2887 nullam
294 2829 393 2886 aliam'
407 2847 472 2888 esse
495 2831 643 2888 rationem
657 2839 850 2888 autumurunt
863 2827 1045 2888 conciliandi
1055 2831 1176 2892 Pisidae
1184 2837 1259 2892 'cum

155 2928 342 3009 Nicephoro,
365 2949 458 3010 quam
482 2933 508 2990 si
532 2930 667 2990 dicerent
685 2933 740 2990 sub
768 2943 846 2991 tecto
861 2932 960 2990 Procli
974 2937 1097 2991 nomine
1109 2931 1257 3013 Philopo-

155 3051 229 3091 num
240 3033 380 3110 intelligi.
425 3031 481 3092 sed
494 3034 646 3101 Fabricius
663 3055 717 3093 uec
733 3033 852 3094 Ouelirio
865 3046 896 3093 et
911 3036 1010 3094 Cerco
1025 3035 1162 3094 concedit
1174 3034 1258 3094 idern

157 3147 310 3217 unumque
335 3155 401 3194 esse
424 3156 499 3218 opus
517 3139 549 3194 in
569 3136 777 3218 Philoponrun
793 3157 864 3197 curn
882 3141 1088 3213 Hexaiimero,
1110 3158 1167 3196 nec
1188 3158 1259 3196 cnm

157 3239 268 3298 Allatio
289 3239 453 3312 consentit,
475 3243 528 3319 qui
547 3241 699 3320 singulare
721 3248 830 3320 poium
850 3238 993 3301 adversus
1007 3239 1138 3300 eundem
1150 3238 1258 3300 Philo-

154 3361 269 3421 ponum
283 3339 424 3417 admittit,
446 3340 502 3402 sed
512 3346 613 3421 potitus
628 3348 784 3404 existimat
795 3343 930 3404 Pisidam
942 3332 1037 3403 tribus
1050 3346 1112 3404 illis
1123 3355 1259 3403 tantum-

154 3443 246 3506 modo
271 3446 426 3504 versiculis
452 3443 840 3526 tritheismum‘l‘hilopcni
867 3451 992 3528 eiusque
1014 3445 1208 3528 computandi
1226 3451 1260 3508 iu

145 3545 265 3606 divinis
289 3551 491 3606 temeritatem
512 3551 734 3628 perstrinxisse.
780 3547 835 3608 sed
859 3549 936 3610 haec
959 3554 1060 3611 omnia
1078 3571 1119 3610 ex
1136 3526 1261 3629 ingenio

154 3669 402 3732 unumquemque
424 3671 477 3710 suo
494 3656 595 3712 minus
616 3665 695 3713 recte
722 3651 896 3713 adfinnasse
921 3657 984 3713 iam
1006 3663 1122 3714 constat
1140 3673 1182 3710 ex
1199 3649 1259 3710 hoc

154 3763 293 3836 po'e'mate
307 3758 341 3814 iu
356 3757 513 3827 Seuerum,
533 3758 567 3814 in
583 3776 643 3837 quo
658 3757 762 3818 Fisida
775 3759 922 3816 Severum
935 3760 1052 3837 ipsum,
1073 3776 1136 3814 non
1152 3751 1279 3814 Philo-.

154 3879 269 3938 porrum
290 3862 465 3918 insectatur.
509 3871 609 3918 utrum
628 3871 729 3920 autern
743 3863 848 3920 Nicetu
862 3859 1038 3936 Chonintes,
1061 3878 1154 3941 quem
1170 3859 1258 3916 Alla-

155 3965 213 4022 tius
233 3965 277 4021 ait
288 3963 351 4038 lib.
368 3965 408 4026 10
435 3963 582 4022 Thesauri
591 3963 771 4022 orthodoxae
775 3963 858 4039 fidei
869 3965 1015 4023 adversus
1028 3960 1259 4040 Menophyaitae

155 4063 279 4124 eosdem
300 4076 361 4126 tres
383 4086 488 4126 versus
508 4066 649 4141 laudare,
672 4065 751 4126 dicat
770 4087 836 4126 esse
853 4069 923 4127 illos
938 4077 1041 4126 contra
1053 4064 1259 4144 Philopouum

155 4172 296 4248 scriptos,
323 4169 414 4248 plane
429 4173 542 4230 nescio.
586 4189 763 4251 quanquam
779 4173 861 4228 enirn
876 4171 1008 4228 multum
1019 4166 1154 4226 studiose
1166 4160 1258 4222 huius

153 4269 304 4333 Thesauri
325 4272 443 4334 codices
460 4277 493 4334 in
511 4275 656 4334 Romanis
672 4271 863 4333 bibliothecis
877 4272 1127 4354 conquisitorias,
1147 4265 1259 4324 nullibi
