3000 4850
245 284 319 359 106
709 285 881 357 rnrlvn

246 450 473 514 Chalcedonem.
520 472 589 513 οαττ
608 462 710 514 mcum
723 454 848 515 dimas
857 454 1023 515 Heraclius
1036 456 1201 535 irruptione
1205 454 1300 537 scoto
1311 459 1349 517 irs

242 538 399 600 Persidem
419 548 523 598 oontru
541 540 618 609 Saia
638 543 822 613 remenses,
842 562 948 600 narres
963 542 1060 600 Perua
1076 543 1207 600 redimar
1220 563 1348 623 aggres-

242 646 295 683 sus
311 634 353 682 est
366 634 395 681 et
408 626 440 684 in
452 644 540 683 suam
552 629 704 707 regionem
719 627 886 686 vehementi
894 627 993 686 τίαᾰιο
1014 638 1058 686 est
1073 648 1218 686 remiss.
1263 648 1348 685 esa»

243 713 337 769 citrum
349 720 449 767 aretem
461 712 617 771 Persicum
629 712 751 792 reliquit
763 714 951 772 Anastasius
963 723 1018 771 etc.
1040 714 1133 793 paulo
1146 732 1218 771 reru
1230 723 1346 791 postea,

244 798 286 860 10
301 790 383 853 huno
398 796 530 855 Heraclii
545 816 658 856 annum
673 799 766 858 fnisse
779 808 943 874 memorat,
964 818 1024 880 quo
1037 798 1091 857 ille
1105 799 1346 877 Hierosolymam

243 880 395 960 proiectos
419 882 453 939 in
477 886 694 942 monasterinm
718 894 855 964 receptus
880 893 942 960 est,
973 884 1027 941 ubi
1047 888 1069 949 7
1087 886 1173 943 annis
1190 886 1347 942 transactis

245 966 369 1023 demam
384 985 412 1023 a.
425 967 557 1026 Heraclii
572 970 611 1031 17
623 988 729 1049 passus
743 979 799 1028 est.
841 986 920 1049 qnae
941 967 1066 1049 quidem
1083 988 1183 1050 neque
1197 988 1267 1027 cnm
1279 970 1347 1026 An-

244 1052 366 1109 nalibus
380 1070 482 1133 neque
496 1072 565 1111 cunr
577 1056 621 1112 rei
636 1057 762 1113 veritate
775 1056 974 1114 consentiunt.
1019 1056 1158 1133 inprimis
1168 1072 1239 1112 cam
1249 1072 1346 1112 annus

244 1146 419 1195 numeretur
439 1140 572 1197 Heraclii
591 1141 648 1215 10,
678 1158 738 1221 quo
762 1141 792 1199 is
812 1142 846 1202 in
869 1140 1085 1199 monasterium
1111 1138 1260 1198 admissus
1289 1148 1345 1213 est,

243 1223 325 1280 male
339 1241 409 1281 curn
421 1240 450 1281 a.
464 1224 498 1282 0.
511 1226 573 1287 621
588 1226 792 1305 componitur:
812 1226 945 1284 Heraclii
960 1226 1070 1305 qnippe
1085 1227 1125 1289 10
1138 1226 1236 1304 coepit
1245 1226 1347 1289 noto

244 1306 354 1367 indict.
370 1310 409 1381 7,
434 1312 632 1389 pervenitque
654 1308 693 1368 ad
715 1311 874 1370 Octobrem
895 1330 924 1369 a.
945 1312 1024 1386 620,
1044 1310 1165 1370 biennio
1184 1321 1347 1391 antequam

245 1392 403 1452 Heraclius
422 1395 454 1449 in
475 1395 627 1453 Orientem
643 1406 783 1475 pergeret
798 1408 850 1455 ant
864 1414 934 1455 curn
948 1396 1011 1454 ullo
1027 1392 1166 1455 chosrois
1181 1393 1258 1453 duce
1272 1414 1348 1453 oon·

245 1478 378 1555 digeret,
402 1476 538 1558 adeoque
561 1478 582 1543 4
604 1484 690 1540 annis
713 1491 782 1561 post
800 1481 879 1541 Sane
900 1478 1085 1560 digressum,
1106 1483 1169 1539 imo
1190 1491 1260 1561 post
1281 1481 1347 1538 eins

245 1564 373 1623 obitum.
416 1574 509 1623 restat
518 1573 552 1623 nt
564 1565 620 1624 sub
635 1567 729 1625 altero
743 1587 822 1647 pene
833 1563 987 1651 ὁμωνύμῳ
1000 1568 1053 1626 Sci
1069 1562 1218 1647 stipendio
1231 1566 1346 1638 fecerit,

244 1668 316 1707 cunr
330 1651 508 1727 praesertim
520 1650 598 1725 Sais,
620 1671 683 1711 non
695 1652 771 1712 Sais
784 1663 837 1711 ant
850 1652 952 1712 Saitns
964 1671 982 1710 a
993 1650 1196 1731 Metaphraste
1207 1652 1348 1711 nomine-

244 1743 306 1792 tur.
334 1752 439 1793 rernm
453 1735 552 1795 obstat
564 1735 647 1817 qnod
660 1748 730 1817 post
743 1738 821 1798 Sane
833 1756 940 1797 necem
953 1756 1015 1796 non
1032 1738 1110 1812 Sais,
1132 1735 1188 1797 sed
1199 1736 1347 1796 Sarisarru

245 1820 297 1877 vel
319 1820 498 1881 sarbaram
517 1822 550 1879 in
572 1820 749 1903 Bithyniam
768 1825 935 1883 exercitum
949 1823 1060 1901 egerit,
1080 1820 1163 1881 unde
1179 1842 1198 1880 a
1214 1819 1348 1880 chosroi

246 1915 401 1966 revocatus
425 1926 494 1965 cum
513 1910 653 1967 lleraclio
675 1911 816 1983 cenant,
837 1906 1004 1989 siquidem,
1025 1918 1145 1967 auctore
1158 1904 1347 1986 Theophane

244 2000 277 2049 et
287 1992 384 2051 Paulo
395 1993 540 2069 Diacono,
559 1991 708 2054 Chosrois
723 2014 750 2053 a.
765 1999 804 2059 18
817 1994 949 2053 Heraclii
959 1994 1160 2054 Sarbanasam
1171 2012 1241 2051 cnm
1252 1993 1348 2070 copiis

243 2076 278 2134 in
303 2078 501 2153 Romaniam,
521 2088 556 2137 nt
576 2081 619 2138 ait
639 2078 809 2152 cedrenus,
830 2081 967 2138 imminit.
1008 2077 1063 2139 sed
1080 2100 1097 2137 e
1113 2080 1242 2157 vestigio
1259 2096 1349 2135 revo-

244 2170 329 2221 catus
343 2173 403 2237 est,
426 2182 496 2223 cnm
509 2164 665 2225 lleraolius
678 2167 711 2223 in
725 2163 882 2224 Persidem
894 2166 1065 2243 irrupisset,
1087 2168 1137 2222 cui
1150 2184 1215 2223 sese
1227 2164 1349 2221 interim

244 2248 314 2305 Sais
337 2248 457 2307 obiecit.
507 2269 608 2310 rursus
632 2270 660 2309 a.
683 2254 724 2315 16
745 2252 878 2309 Heraclii
899 2247 1046 2309 Chosrois
1070 2250 1209 2308 hilariam
1230 2248 1349 2327 partitis

245 2333 340 2411 copiis
355 2334 519 2393 Sarbarum
534 2355 604 2393 cum
618 2336 661 2401 60
674 2336 798 2394 milibus
812 2336 932 2415 Cpolim
945 2337 1045 2408 misit,
1067 2345 1181 2393 ceteros
1201 2333 1276 2391 duce
1294 2334 1347 2391 Sei

244 2414 388 2478 adversus
413 2420 586 2479 Heraclium
609 2422 764 2501 opposuit,
787 2440 889 2502 aquo
913 2422 1009 2480 victus
1033 2420 1101 2479 Sais
1121 2441 1156 2478 ac
1172 2420 1348 2499 profligatus

245 2513 310 2576 est,
333 2523 402 2563 curn
415 2507 536 2564 interim
552 2505 696 2568 Sarbaras
709 2505 931 2566 Chalcedonem
947 2514 1149 2586 oppugnaret3
1171 2525 1231 2585 qna
1244 2507 1277 2562 in
1290 2504 1349 2561 ob-

247 2587 365 2648 sidione
393 2593 540 2671 perstitit,
573 2611 631 2650 nec
657 2611 728 2651 oum
753 2593 892 2652 lleraclio
922 2589 1064 2671 deinceps
1094 2608 1270 2668 congressus
1290 2599 1348 2648 est.

245 2672 445 2756 Theophanis
466 2697 501 2737 ac
521 2675 650 2737 cedreni
671 2679 764 2738 verba
785 2677 910 2736 mirifice
929 2693 999 2736 oum
1016 2673 1217 2756 metaphraste
1235 2693 1348 2733 conre-

244 2763 344 2820 niunt.
386 2755 483 2848 τούτῳ
497 2767 541 2850 τῷ
554 2761 628 2840 irre,
649 2764 691 2822 ait
711 2760 932 2844 Theophanes,
957 2757 1097 2842 Χοσρόης
1112 2759 1202 2824 iscis
1218 2763 1349 2840 disponis

246 2843 388 2928 βασιλευς
403 2847 478 2912 slav
493 2846 655 2931 ἕποιήσατο
671 2851 843 2932 στρατείαν,
863 2842 1042 2930 στρατεύσας
1058 2846 1163 2923 ξένους
1176 2867 1210 2908 τε
1224 2845 1275 2906 acl
1292 2867 1349 2906 ατο·

247 2933 332 3008 λίτας
361 2931 414 2995 rol
439 2932 571 3010 οἰκέτας,
603 2933 637 2998 ἐκ
659 2932 773 3010 παντός
792 2932 902 3018 γένους
922 2929 1049 3014 ἐκλογὴν
1069 2927 1266 3010 παρούμενος,
1294 2928 1349 2992 acl

244 3013 361 3098 ταύτην
381 3015 439 3098 τήν
461 3016 589 3103 ἐκλογήν
604 3024 646 3104 τῷ
662 3015 744 3083 Σάϊν
757 3017 913 3104 παραδοΰς
926 3021 1090 3104 στρατηγῷ.
1131 3014 1350 3096 hietaphrastes

246 3121 336 3180 vero,
358 3125 428 3162 cum
447 3105 676 3178 adolescentiae,
696 3109 812 3188 inquit,
834 3115 961 3163 ocinum
974 3106 1039 3162 iam
1054 3103 1227 3183 wingmis
1248 3111 1278 3158 θ’
1295 3121 1350 3158 Μ’

248 3189 393 3249 Clonus
408 3209 520 3250 navum
530 3194 690 3250 eremum
702 3195 735 3251 irs
747 3191 872 3251 Perct'de
884 3189 1049 3271 allegeret,
1069 3190 1134 3268 ipae
1146 3207 1267 3268 quoque
1277 3205 1350 3243 cum

244 3273 318 3333 attis
336 3275 465 3356 refertur
487 3279 522 3336 iu
543 3297 702 3336 numeriam
726 3281 866 3336 tuorum.
912 3295 1009 3335 annus
1035 3277 1073 3337 16
1097 3274 1229 3332 Heraclii
1250 3273 1349 3350 coepit
1395 3279 1408 3308 0

244 3358 357 3419 Christi
383 3363 456 3426 626.
499 3361 608 3442 quodsi
631 3382 659 3421 a.
682 3365 723 3426 17
745 3362 882 3423 eiusdem
901 3361 1090 3441 imperatoris
1109 3377 1216 3440 passus
1234 3368 1296 3431 est,
1318 3375 1349 3413 a.

244 3447 281 3504 (i.
305 3444 340 3505 id
363 3445 473 3506 accidit
498 3450 560 3512 626
584 3458 637 3507 aut
659 3450 732 3512 627.
775 3451 818 3508 ita
845 3467 908 3507 non
936 3465 1030 3506 annos
1054 3448 1077 3509 7
1104 3443 1159 3505 sed
1178 3461 1272 3502 unum
1295 3451 1349 3500 aut

244 3531 375 3589 alterurn
399 3533 502 3612 exegit
524 3534 556 3590 in
577 3535 770 3594 monasterio.
814 3543 866 3593 ant
888 3534 916 3591 si
938 3532 1062 3591 omnino
1084 3549 1155 3588 cum
1175 3531 1275 3608 priore
1291 3527 1347 3586 illo

243 3616 305 3676 Sne
327 3614 548 3678 chalcedonem
568 3620 717 3699 perrexit,
738 3639 768 3676 a.
787 3622 865 3693 616,
886 3618 1018 3676 Heraclii
1037 3620 1073 3689 6,
1095 3615 1214 3675 Christo
1234 3631 1348 3672 nomen

245 3697 338 3777 dedit,
361 3721 396 3761 ac
408 3705 488 3779 621,
509 3705 642 3764 Heraclii
658 3705 706 3778 11,
728 3715 780 3763 aut
791 3705 963 3784 insequenti
974 3721 993 3760 a
1007 3698 1139 3761 chosroli
1150 3703 1348 3778 interemptus

244 3797 308 3862 τοῖς
329 3786 363 3845 id
381 3785 464 3869 quod
483 3809 539 3868 ego
558 3791 751 3850 verisimilius
770 3791 906 3847 arbitror.
948 3797 1099 3867 postremo
1116 3787 1242 3846 minime
1259 3803 1350 3862 prae-

245 3871 427 3933 tereundum
441 3873 606 3934 hutherani
624 3872 798 3954 chronologi
813 3870 900 3934 sethi
914 3873 1036 3931 Calvisii
1055 3873 1176 3952 insigne
1195 3868 1347 3940 delirium,

155 3965 231 4021 1³64
247 3961 300 4040 qui
327 3957 367 4018 ad
390 3979 419 4018 a.
441 3960 476 4018 G.
497 3963 558 4024 621
578 3969 663 4020 notat
685 3959 839 4020 chosroin
870 3961 1063 4018 Anastasium
1093 3960 1127 4016 in
1154 3958 1259 4015 Asiam
1287 3954 1349 4011 mi·

245 4045 337 4120 sisse,
359 4047 413 4127 qui
429 4043 650 4106 Chalcedonem
664 4055 865 4126 oppugnaret:
887 4042 941 4105 red
955 4046 1148 4103 Anutasinrn
1163 4059 1275 4119 magno
1287 4041 1349 4096 irn-

245 4133 392 4210 peratcris
420 4131 518 4206 bono,
550 4133 653 4190 relicta
674 4133 884 4211 superstitione
906 4131 1029 4210 gentili,
1061 4131 1153 4189 sacris
1172 4124 1349 4186 Christianis

244 4217 415 4293 initiatum,
438 4227 468 4276 et
480 4225 585 4297 postea
599 4219 690 4276 etiam
702 4218 847 4298 martyrio
862 4225 1046 4276 coronatum.
1089 4216 1174 4274 cuins
1185 4213 1229 4270 rei
1240 4219 1349 4270 testem

246 4301 333 4362 affert
352 4301 532 4364 Gadrenum.
576 4323 637 4388 quo
657 4299 735 4363 nihil
758 4303 832 4384 fingi
852 4311 951 4383 potest
968 4300 1116 4383 ineptius,
1136 4317 1206 4360 curn
1218 4299 1350 4358 Anasta·
