3000 4850
600 343 848 419 uuutcmo.
1261 367 1285 416 v

172 592 233 634 uae
252 570 356 633 minoe
375 577 480 630 tameo
499 563 541 629 od
558 565 639 630 bene
657 565 808 650 beateque
822 559 990 629 virentium
1001 564 1187 645 ueoeaeuia,
1209 585 1284 628 oou-

173 668 293 771 verlee,
323 711 360 752 ao
386 687 544 749 literarum
568 695 692 750 tuarum
719 685 890 748 salubritati
910 682 1112 770 dignitatique
1132 688 1282 748 oourulea.

174 813 262 876 mit
281 810 365 872 anim
383 804 463 868 mibi
482 807 517 868 io
535 817 687 886 mntem,
714 807 770 889 qui
794 815 866 868 tuur
891 815 963 867 aute
990 826 1103 889 peuooe
1125 803 1190 869 dier
1210 829 1285 889 por-

176 934 235 994 tim
253 950 274 992 e
292 949 345 990 rue
364 925 487 990 auditur
505 927 618 1010 partim
638 927 677 988 ab
698 925 768 988 aliie
788 935 935 1007 exeeptur
954 945 1054 988 aarmo
1073 927 1183 1007 luerit,
1214 949 1286 990 uum

177 1061 215 1113 tu
232 1047 313 1111 illud
331 1047 528 1130 profitebere,
555 1044 637 1108 uibil
654 1047 712 1108 tibi
731 1046 847 1128 gratius
866 1065 1004 1130 uuquam
1024 1049 1178 1110 exrtitirae
1197 1048 1287 1112 bouie

178 1170 296 1232 artibus
314 1167 485 1251 ariumque
503 1166 623 1250 peritia,
640 1185 743 1251 neque
763 1167 797 1227 iu
817 1176 990 1248 porterum,
1011 1187 1073 1252 quo
1093 1170 1192 1230 metor
1211 1169 1287 1231 eub-

178 1287 303 1353 leraudi
323 1296 403 1350 erret
421 1287 568 1367 leonitas,
587 1285 653 1348 ulla
670 1285 706 1346 iu
725 1305 760 1347 re
781 1282 967 1350 defuturum.

265 1407 470 1484 Quamobrem
501 1416 539 1469 ut
568 1406 635 1468 eiua
662 1406 747 1470 voela
774 1406 954 1490 aemiliique
980 1405 1187 1484 meminireer,
1217 1418 1289 1470 teu-

182 1546 277 1614 qmm
303 1525 526 1589 admonitorem
551 1525 684 1608 allegavi
710 1523 917 1607 Nioepborom
951 1535 1105 1605 nostrum
1144 1527 1199 1610 qui
1231 1528 1290 1590 tibi

182 1667 255 1710 etun
273 1647 416 1729 privatim
435 1645 485 1708 aul
504 1655 572 1707 tum
592 1646 748 1707 oommuui
767 1645 891 1706 nomine
913 1645 1069 1707 literarum
1089 1648 1291 1729 patrocinium

184 1766 331 1847 deferret,
359 1765 454 1828 aimul
472 1766 566 1828 etiam
585 1774 720 1848 rogaret,
748 1763 832 1848 quod
850 1766 884 1825 iu
903 1765 942 1827 iia
961 1766 1125 1827 motandi·
1144 1767 1291 1849 profiten-

184 1885 295 1970 dieque
319 1895 423 1948 uoatra
450 1886 579 1947 rooietar
604 1886 755 1964 elaborat,
786 1895 906 1966 perte·
930 1895 966 1946 ut
992 1882 1033 1945 ool
1060 1905 1130 1978 earu
1155 1887 1290 1970 aliquam

185 2003 388 2068 aolieituoliuia
413 2001 507 2068 buius
533 2005 823 2088 benevolentiaeque
843 2003 1038 2083 uenalem
1067 2015 1103 2068 ut
1122 2007 1161 2067 iia
1181 2008 1292 2092 quibus

185 2145 277 2207 saepe
296 2123 406 2185 laetate
427 2134 473 2186 eat
492 2124 640 2186 moleatila
659 2123 819 2207 perfuncta
836 2142 900 2185 nou
919 2133 984 2186 tom
999 2125 1067 2208 ipae
1080 2117 1309 2210 oonquieooere'

185 2245 298 2328 ponit,
325 2262 419 2327 qoam
439 2253 472 2304 et
490 2244 636 2306 eeclesiae
656 2242 765 2305 officiis
785 2243 925 2304 omnibus
946 2253 977 2304 et
998 2241 1202 2308 doctrinarum
1224 2257 1294 2310 ou-

187 2361 248 2427 diu
268 2363 383 2445 vigilii:
401 2362 617 2448 laboribusque
637 2363 701 2427 ruir
721 2361 874 2426 oommodi
894 2363 1012 2448 aliquid
1024 2363 1141 2428 offerre.
1185 2365 1224 2428 do
1241 2387 1294 2430 me

185 2504 260 2548 vero
280 2480 365 2567 quod
383 2486 546 2566 praecipua
572 2486 725 2567 portulam
742 2483 824 2545 nihil
844 2494 908 2565 eat,
939 2486 999 2546 uiri
1027 2496 1062 2547 ut
1088 2484 1233 2547 uudeoioe
1260 2488 1295 2547 iu

187 2616 220 2667 ta
238 2601 461 2685 interpellando
480 2622 569 2665 meae
588 2605 635 2667 aio
651 2605 791 2687 iguoaoea
811 2616 845 2665 ut
866 2606 964 2666 emori
983 2624 1056 2687 erga
1075 2615 1107 2665 te
1126 2606 1294 2667 voluntati-

189 2743 251 2809 que
270 2726 385 2789 iareaa.
405 2722 486 2786 vala.
526 2725 665 2788 Lutetia
683 2726 781 2788 Perit.
802 2726 824 2791 6
842 2720 907 2787 kal.
928 2724 1014 2806 Sept.
1034 2744 1064 2785 e.
1085 2724 1117 2787 d.
1140 2731 1234 2795 1616.
