3000 4850
692 311 754 380 DU
779 309 920 379 carten

754 473 817 541 διεδ
829 477 976 562 προβλῆτι
993 471 1027 540 δὲ
1041 469 1150 564 ιιδομιμ

419 558 572 643 έκερεμέες
588 556 707 644 λοῖΐγγες
723 557 944 645 έσιερνοέσανπο
956 563 1083 645 παρείην

420 642 561 728 στεινήν,
580 643 792 752 γερμιδεασαν,
816 645 878 736 deep
897 645 948 712 ιιαλ
965 641 1132 752 φαοφεξρρς
1149 640 1229 730 οἶνιβρ

418 729 550 812 ἄτρομος
568 731 730 812 αμφιδέοιν
750 731 851 816 leporio
869 737 1044 815 λαμπτῆρας
1059 754 1195 795 αναπεει.

143 821 168 873 P
183 817 236 875 ⁵47
337 815 389 879 38.
432 819 519 878 Muro
550 814 766 898 hemisphaerii
795 819 914 878 testudo
944 819 1124 892 orbiculata,
1154 819 1187 875 iu
1210 812 1366 896 sphaerae

250 895 377 959 modum
401 913 571 982 compacta,
593 905 751 963 incumbit.
794 901 874 962 hanc
893 905 984 982 vulgo
1003 897 1103 965 θόλον
1120 911 1228 963 vocant
1250 903 1364 960 Graeci

250 987 420 1064 scriptores.
465 999 510 1047 est
530 999 630 1046 eutem
650 984 762 1064 δόλος,
784 999 818 1048 ut
835 999 880 1048 est
894 987 975 1070 apud
989 985 1191 1067 Hesychium,
1213 1005 1365 1068 στρογγυ-

250 1068 371 1150 λοειδής
389 1069 488 1148 oleos,
512 1094 566 1134 seu
582 1085 616 1133 ut
631 1085 677 1133 est
690 1073 772 1154 apud
786 1073 935 1135 Isidorum
953 1084 983 1133 et
997 1075 1140 1152 Papium,
1162 1075 1292 1130 eminens
1309 1093 1364 1129 ro-

250 1157 387 1216 tunditas
400 1170 429 1216 et
432 1159 602 1238 sasa'gium
614 1159 728 1239 templi.
774 1161 918 1238 Ugutioni
933 1161 1052 1240 proprie
1067 1157 1190 1240 quidem
1204 1156 1306 1216 tholus
1316 1168 1367 1214 eet

250 1240 464 1301 senescamus
479 1242 578 1314 breve,
600 1245 726 1324 perodio
739 1246 835 1304 aredio
850 1247 919 1304 tecti
932 1255 987 1315 est,
1009 1247 1043 1302 in
1055 1265 1115 1324 quo
1129 1242 1228 1302 trabes
1239 1252 1360 1300 coeunt.

251 1329 338 1386 cuim
361 1326 485 1408 quidem
497 1331 580 1389 vocis
594 1332 733 1388 meminit
747 1333 900 1392 Vitruvius
915 1329 935 1394 4
957 1335 994 1406 7,
1016 1331 1136 1388 tametsi
1152 1327 1189 1387 de
1206 1327 1364 1408 significu-

252 1414 336 1470 tione
351 1415 430 1471 iuter
442 1435 475 1473 se
490 1412 666 1474 dissentient
680 1417 763 1475 illiue
777 1419 964 1495 interpretes.
1010 1414 1090 1472 reah
1096 1415 1296 1495 fastigiatum
1309 1411 1362 1472 di-

252 1498 302 1554 xit
328 1499 493 1558 Paulinus:
522 1511 551 1559 et
581 1505 667 1560 vetus
700 1504 885 1581 epigramma
908 1503 941 1559 iu
965 1497 1211 1579 Asclepiodotum
1231 1496 1365 1558 Anthol.

252 1583 307 1641 Gr·
329 1582 350 1644 4
371 1587 413 1648 28
434 1589 538 1648 κοῖλον
557 1583 676 1666 έρεισμα
700 1581 800 1650 δόλον
824 1587 978 1666 eleganter
994 1587 1157 1665 appellavit
1178 1585 1307 1664 parietes
1325 1586 1363 1641 in

254 1667 359 1726 orbem
387 1671 512 1729 interius
543 1669 778 1746 circumductos,
811 1675 864 1754 qui
890 1668 1072 1731 testudinem
1094 1667 1281 1750 sphaericam
1304 1689 1364 1727 seu

252 1750 372 1811 tholum
399 1757 558 1816 sustinent.
611 1757 648 1815 eb
677 1755 826 1816 eiusmodi
845 1755 938 1817 tholis
960 1755 1075 1816 dictum
1096 1751 1236 1819 θολωιόν
1253 1755 1364 1832 magni

252 1838 359 1918 palatii
387 1841 566 1917 triclinium,
596 1842 634 1900 ab
653 1844 815 1902 Anastasio
839 1843 948 1902 Dicoro
976 1851 1178 1914 exstructum,
1210 1849 1244 1898 ut
1268 1841 1363 1898 refert

251 1925 402 2000 Zonaras3
425 1925 507 2007 quod
519 1925 603 1986 idem
615 1947 682 1988 esse
694 1938 811 1988 constat
827 1948 896 1986 crura
910 1927 1011 2001 trullo,
1033 1929 1066 1984 iu
1080 1945 1139 2007 quo
1153 1923 1255 1983 habita
1270 1934 1362 1983 sextu

252 2007 397 2089 synodus,
418 2010 453 2074 έν
464 2016 506 2096 τῷ
518 2011 645 2098 σειιρέτμ
661 2017 717 2077 τοῦ
732 2015 822 2076 deluo
836 2015 983 2074 παλαπέον
996 2015 1039 2094 τῷ
1051 2009 1199 2094 λεγομένῳ
1214 2007 1362 2094 τροδλλιμ,

251 2103 287 2154 ut
308 2091 421 2155 habeut
445 2099 521 2156 Acta
541 2098 677 2157 eiusdem
695 2097 822 2179 synodi3
845 2096 927 2180 quod
943 2097 1066 2178 quidem
1080 2097 1244 2154 triclinium
1258 2115 1275 2153 a
1289 2097 1361 2154 Μα-

252 2181 333 2238 curio
349 2184 509 2262 Ancyrano
525 2181 634 2242 dicitur
647 2183 741 2243 fuisse
759 2177 843 2257 ολιιος
860 2178 1031 2262 περιφανής
1047 2180 1081 2244 έν
1097 2185 1181 2266 καλῷ
1196 2185 1259 2243 τοῖν
1274 2182 1363 2261 βασι·

252 2261 332 2326 λέον
351 2269 414 2327 ΚΠ
431 2268 566 2353 παλατέρι
589 2269 734 2347 κείμενος.
779 2268 908 2326 basilica
929 2277 1123 2347 nuncupatur·
1140 2267 1178 2324 ab
1197 2267 1360 2324 Anastasio

252 2349 372 2408 biblia
386 2350 546 2430 Agathone
556 2355 617 2411 PP.
629 2373 662 2433 p.
678 2353 731 2420 54.
763 2363 793 2412 et
802 2353 958 2433 palatium
976 2356 1009 2411 in
1024 2355 1127 2411 heone
1144 2371 1169 2411 rr
1184 2371 1215 2433 p.
1229 2351 1282 2415 66.
1315 2353 1360 2410 ite

251 2436 290 2494 ab
317 2435 423 2494 eadem
446 2438 541 2516 ligura
561 2436 686 2498 domum
708 2438 861 2520 quandam
885 2442 918 2498 in
941 2440 1022 2499 urbIs
1038 2448 1198 2519 conspectu
1212 2433 1362 2517 τροδλλου

251 2524 376 2579 nomine
398 2520 541 2581 donatam
565 2524 669 2583 scribit
691 2528 754 2585 heo
779 2527 998 2585 Grammaticus
1013 2542 1044 2603 p.
1058 2523 1132 2588 453.
1175 2522 1266 2582 tradit
1280 2526 1362 2583 Pro-

251 2609 357 2684 copius
379 2605 596 2688 hemisphaerii
618 2609 801 2669 testudinem
824 2622 947 2671 eatenus
963 2609 1000 2669 de
1012 2607 1159 2667 industria
1173 2627 1293 2668 sursum
1310 2618 1361 2667 te·-

252 2694 341 2750 nuari
361 2712 396 2751 ac
416 2692 542 2753 deficere
564 2706 599 2755 ut
620 2716 674 2776 per
694 2698 790 2775 ipsius
805 2708 958 2777 aperturus
972 2696 1029 2753 lux
1045 2698 1136 2753 intret
1152 2694 1284 2752 affatim:
1305 2693 1361 2757 ιιαλ

256 2776 405 2841 διαλείπει
417 2775 451 2842 εδ
464 2775 655 2862 οἰκοδόμημα
666 2776 742 2844 sord
755 2778 862 2862 βραχύ,
875 2781 1043 2861 ἐξεπίτηδες
1054 2776 1235 2862 παρειμένον
1246 2784 1360 2841 τοσοῦ-

252 2883 309 2924 τον
333 2857 408 2927 δοον
429 2861 502 2939 roric
524 2860 653 2949 χοίρους,
676 2859 715 2930 οδ
728 2865 768 2947 δή
781 2864 818 2930 τδ
830 2866 1014 2953 διῃρημένον
1027 2870 1083 2946 τῆς
1095 2866 1269 2943 οἰκοδομίας
1283 2866 1361 2945 ξιιμ·

253 2948 355 3028 βαένει
375 2944 469 3026 εἶναι,
499 2950 630 3033 φέγγους
649 2952 782 3033 διαρκοῦς
802 2946 939 3039 δγοιγοδς
959 2946 1048 3015 εἶναι.
1091 2970 1156 3009 rem
1176 2949 1358 3026 mirandem,

253 3035 356 3115 inquit
372 3036 577 3112 silentiarius,
599 3040 710 3096 intueri
725 3039 815 3113 licet,
837 3048 872 3097 ut
894 3038 1012 3096 inferne
1036 3037 1126 3095 letior
1148 3038 1261 3095 sensim
1281 3034 1358 3094 defi-

254 3121 332 3195 ciat,
362 3130 393 3179 et
414 3123 448 3179 in
470 3121 575 3182 orbem
594 3124 691 3185 relati
716 3124 834 3184 caelum
861 3122 1056 3183 convolvatur
1074 3120 1209 3197 testudo,
1237 3122 1360 3202 paras

250 3222 283 3263 r.
302 3206 365 3271 78:

416 3290 480 3354 δοαι
495 3285 529 3354 δ’
539 3290 617 3356 λδεῖν
631 3290 708 3376 μέγα
718 3288 859 3373 θᾶμβος,
882 3286 964 3367 δ’ποις
977 3288 1053 3354 susci
1069 3287 1159 3374 βαιδν
1175 3290 1266 3355 lorea

417 3370 561 3458 εδρνεέρη
576 3375 632 3457 μέν
648 3378 792 3459 ἔνερθεν,
813 3373 932 3462 ὕπερθε
950 3376 983 3441 δέ
1000 3383 1086 3459 μεῖον
1099 3372 1231 3461 α’νέρπει,

419 3460 461 3534 ὥς
470 3456 564 3536 πόλος
575 3456 762 3544 ἤερδφοιεος.

251 3548 295 3605 ita
319 3547 411 3605 etiam
435 3544 597 3625 Agathino,
619 3549 671 3608 ubi
693 3547 732 3607 de
750 3545 990 3629 hemisphaerio:
1011 3545 1064 3610 καλ
1077 3546 1201 3630 γέγονεν
1212 3545 1361 3609 irradies

251 3626 376 3707 ελιιδιως
389 3627 531 3714 έδδεερος
544 3630 600 3711 μὲν
613 3633 664 3697 ιιαλ
679 3628 897 3713 εδεπέστροφος
909 3632 961 3697 sui
974 3628 1168 3713 πανταχόθεν
1182 3636 1223 3718 τῇ
1233 3634 1360 3717 γραμμγῐ

252 3712 411 3794 discriteus,
432 3713 609 3803 στενότερος
630 3716 664 3781 dd
686 3718 739 3783 ααλ
759 3712 902 3800 diuersis
915 3718 968 3783 ιιαλ
983 3713 1048 3793 olor
1062 3713 1118 3799 οδγ
1134 3713 1213 3781 οὕτω
1229 3718 1297 3779 λλαν
1310 3716 1358 3780 λιι·

250 3796 393 3883 πλήττειν
413 3798 486 3877 rode
505 3803 682 3886 deceptuose
705 3803 746 3880 ὥς
767 3798 879 3879 πόλει,
900 3808 1004 3889 πολλῷ
1016 3802 1050 3867 δλ
1064 3798 1147 3882 ipsse
1160 3801 1252 3865 πλέον
1265 3802 1299 3866 έν
1311 3803 1359 3887 τρῖ

251 3881 383 3964 depulsi
397 3886 569 3969 detinuisse.
612 3892 655 3950 its
670 3902 771 3950 autem
785 3893 898 3951 semim
911 3900 1050 3949 tenuatur
1065 3900 1096 3947 et
1111 3887 1211 3948 deficit
1225 3886 1358 3961 testudo,

250 3984 284 4032 ut
305 3974 436 4053 cymbali
456 3974 585 4053 figuram
604 3976 728 4055 effingat
748 3987 779 4035 et
800 3978 991 4056 ιιομβαλιιιοδς
1012 3976 1152 4033 circinata
1175 3976 1228 4049 sit,
1258 3983 1292 4031 ut
1310 3982 1358 4032 est

250 4056 331 4140 apud
356 4063 567 4140 Anonymum:
589 4064 633 4121 sio
653 4064 734 4121 euim
749 4060 881 4121 secundo
899 4070 1083 4120 exstructam
1099 4058 1214 4139 prodit,
1235 4078 1274 4117 ns
1289 4076 1358 4115 rur-

250 4164 319 4203 sum
335 4144 471 4220 caderet,
495 4146 549 4209 λνοι
566 4145 609 4227 μή
625 4142 718 4208 πάλιν
731 4144 843 4227 ταχέως
854 4144 952 4211 πέσοι.
995 4165 1073 4227 quue
1094 4143 1219 4228 quidem
1240 4154 1357 4202 cetera—

250 4250 318 4289 rum
332 4232 492 4292 trullarum
505 4232 555 4291 rel
567 4230 720 4291 tholorum
739 4233 839 4293 ionae
862 4235 954 4292 etism
973 4231 1047 4306 fuit,
1068 4241 1103 4290 ut
1114 4248 1225 4309 nempe
1238 4228 1358 4288 inlesus
1407 4268 1411 4283 .

252 4316 374 4378 latiores
396 4319 510 4381 sensim
528 4320 562 4379 in
583 4315 745 4400 sphaeram
768 4317 938 4382 desinerent
961 4326 1052 4401 utque
1068 4313 1145 4378 edes
1160 4318 1210 4378 ori
1226 4314 1358 4377 formam
