3000 4850
265 344 336 421 114
730 344 898 414 PETAVII

349 534 380 592 p·
393 516 436 579 20
454 532 485 573 v.
500 514 551 576 12.
573 502 714 592 duddan
736 533 770 575 τε
786 507 909 595 λόγοις]
946 512 1015 575 fort.
1045 506 1185 592 ἆλλῆλαν
1210 534 1243 576 se
1270 506 1374 595 lyndo.

265 601 355 659 Alex.
371 596 558 657 chronicon:
589 596 642 659 ααλ
662 588 756 660 πάλιν
770 602 811 659 τ’
827 597 898 677 ἑξῆς
916 596 1020 678 ἔστησε
1033 601 1157 701 πλῆθος
1175 621 1196 678 μ
1254 603 1374 662 wude

266 686 310 759 εἰς
329 680 363 748 co*
379 681 470 768 μέρος
484 680 582 746 ἐκεῖνο
596 677 632 746 cd
645 622 823 765 καλεμηθῖν
840 676 918 765 παρ’
935 680 1031 749 usitari
1052 700 1199 767 σονεῃος
1220 678 1371 767 αλλήλων.

267 780 326 829 eto.

350 874 381 933 p·
394 854 434 921 21
454 872 485 912 v·
505 852 555 919 13.
577 844 677 928 1116119
699 846 934 933 λωβησάμενοι]
956 850 1025 912 lnd·
1045 852 1100 926 15,
1123 853 1255 911 Heraclii
1272 872 1301 912 a.
1316 857 1368 925 17,

267 941 308 999 ait
322 938 434 998 chron.
448 940 556 1012 Alex„
595 955 656 1020 quo
678 956 758 997 anno
779 940 905 999 moritur
925 940 1065 1019 egregia·
1086 939 1141 997 ilie
1163 948 1370 1019 propugnator

266 1025 349 1085 urbis
364 1026 467 1083 Bonus
478 1024 621 1103 patricius
634 1024 708 1081 Maii
723 1025 774 1086 11.
1490 1075 1491 1100 ,

350 1109 392 1168 ib.
415 1129 445 1171 r.
471 1111 519 1173 16.
564 1103 675 1189 padda
697 1104 732 1171 βλ
755 1100 914 1189 Χοσρόης]
946 1124 1025 1167 enno
1039 1107 1169 1165 Heraclii
1190 1111 1246 1182 17,
1274 1108 1371 1167 nteit
1490 1133 1491 1138 1

265 1191 470 1276 Theophanes
490 1212 525 1252 ec
541 1192 711 1269 cedrenus,
740 1190 848 1253 Indict.
873 1192 931 1268 15,
959 1194 1086 1252 Bezetes
1110 1192 1192 1267 (eliis
1212 1192 1369 1270 Razestes)
1490 1195 1491 1202 ’

265 1276 330 1337 dux
345 1300 361 1338 e
376 1277 509 1339 Chosrod
521 1280 668 1355 mittitur,
697 1278 744 1337 vir
759 1278 921 1337 bellicosus
933 1297 969 1336 ac
984 1288 1140 1353 arcanus,
1169 1295 1301 1358 quocum
1316 1296 1367 1337 se·

267 1364 365 1424 cundo
382 1366 467 1423 exitu
486 1373 655 1444 pugnatum
672 1364 846 1422 Decembris
866 1365 915 1425 12.
957 1361 1183 1443 Theophanes:
1204 1367 1245 1449 τῇ
1257 1360 1291 1425 dd
1304 1363 1366 1425 dc-

267 1446 376 1537 deadrp
391 1452 448 1513 τοῦ
458 1450 647 1529 Δεκεμβρίου
667 1444 765 1529 μηνὸς
780 1447 879 1531 η’μὲρᾳ
899 1443 1056 1529 σαββάτου
1075 1442 1230 1529 ἐκρατήθη
1245 1444 1266 1511 d
1275 1441 1367 1511 πόλε-

266 1556 333 1615 μος.
376 1554 446 1594 ecce
468 1535 524 1593 tibi
547 1532 700 1597 character
714 1536 787 1591 anni
804 1532 911 1607 huius,
938 1552 1029 1613 quem
1050 1535 1161 1594 frustra
1177 1530 1289 1593 Christi
1303 1534 1366 1595 626

266 1619 391 1677 faciunt.
434 1619 493 1677 fuit
510 1621 591 1677 euim
606 1616 688 1677 houd
706 1617 798 1677 dubie
815 1621 878 1681 627
895 1620 980 1697 cyclo
995 1620 1067 1679 solis
1082 1622 1219 1679 Romano
1235 1620 1298 1694 20,
1319 1619 1366 1677 lit.

266 1702 348 1764 dom.
361 1706 399 1780 D,
421 1702 550 1785 ideoque
569 1706 609 1767 12
625 1706 799 1763 Decembris
811 1704 979 1763 sabbatum.

349 1789 391 1848 ih.
421 1809 451 1849 r.
481 1792 530 1853 19.
571 1786 625 1852 καλ
641 1790 823 1871 nicolusius·
836 1783 1003 1869 ἐφορμῶν]
1023 1786 1196 1847 cedrenus:
1224 1786 1366 1867 καὶκρο·

265 1870 408 1956 πηδήσας
422 1871 547 1938 πάντων
560 1873 576 1937 6
590 1870 730 1955 βασιλεῦς
743 1871 866 1955 ἄρχοντι
876 1871 995 1954 μεγαλα
1009 1880 1072 1937 τοῖν
1082 1876 1212 1955 Περσῶν
1220 1876 1365 1957 συναντᾷ,

266 1959 321 2023 καλ
342 1964 384 2045 τῇ
404 1964 461 2022 τοῦ
484 1964 563 2023 θεοῦ
585 1955 714 2039 δυνάμει
737 1959 791 2022 καὶ
810 1964 864 2039 τῆς
883 1938 1033 2023 dcccdccc
1050 1952 1230 2040 καταβάλλει
1246 1961 1365 2020 τοῦτον.

265 2043 386 2104 videtur
408 2046 533 2103 innuere
557 2064 626 2103 cunr
645 2046 706 2103 alio
726 2064 819 2126 quam
839 2062 909 2103 oum
927 2042 1002 2104 duce
1023 2048 1134 2103 Bazate
1153 2047 1366 2123 imperatorem

265 2146 431 2211 pugnasset
460 2149 532 2188 nam
551 2132 694 2189 Razatem
710 2133 850 2211 proxime
865 2140 1009 2209 tanquam
1034 2132 1162 2189 altarum
1184 2130 1223 2187 uh
1243 2125 1365 2209 ἄρχοντι

264 2216 319 2275 illo
331 2218 479 2275 nominat.
522 2226 552 2273 ut
563 2216 720 2275 nobiscum
733 2217 807 2274 facit
820 2213 1036 2295 Theophanes.

349 2320 381 2379 p.
394 2304 436 2363 22
450 2318 481 2361 v.
501 2304 550 2363 10.
573 2300 605 2363 ολ
618 2298 651 2363 δὲ
665 2304 795 2381 Περσῶν
810 2297 968 2381 ἄρχοντες]
991 2299 1029 2359 de
1048 2299 1225 2379 Principum
1244 2296 1365 2376 conspi-
1490 2367 1491 2386 Χ

266 2385 382 2444 ratione
404 2394 507 2444 contra
528 2382 681 2447 chosroen
708 2388 834 2467 eiusque
856 2402 930 2445 nece
943 2385 1096 2446 cedrenus
1118 2394 1148 2444 et
1159 2380 1365 2462 Theophanes

173 2475 196 2530 P
215 2475 250 2532 ta
267 2479 406 2529 accurate
429 2473 621 2549 scripserunt.
672 2481 772 2531 exstat
787 2475 820 2531 in
837 2469 1044 2532 Alexandrino
1066 2468 1217 2530 Chronico
1235 2469 1365 2528 Heraclii

265 2553 304 2613 ed
321 2557 494 2635 cpolitanoe
511 2556 638 2634 epistola
654 2553 796 2615 derebus
810 2574 875 2615 ase
890 2559 981 2636 gestis
999 2557 1097 2638 deque
1111 2553 1253 2615 Chosrois
1270 2556 1364 2612 mise·

265 2640 353 2698 rabili
369 2639 476 2715 caede3
508 2659 599 2722 quam
617 2641 741 2700 annales
758 2662 793 2701 ae
807 2640 1019 2721 chronologiae
1034 2661 1139 2701 onmes
1155 2643 1319 2700 coniiciunt
1332 2641 1364 2696 iu

266 2745 295 2784 e.
308 2726 343 2784 G.
358 2729 430 2790 627.
474 2726 506 2783 in
522 2743 665 2806 quocum
678 2725 867 2807 Theophane
884 2747 921 2786 ac
931 2727 1068 2787 Gedreno
1084 2727 1290 2798 consentiunt,
1312 2726 1364 2804 qui

265 2809 298 2869 id
309 2829 388 2869 enno
402 2812 592 2870 subscribunt
601 2813 733 2870 Heraclii
752 2816 803 2876 17.
825 2832 931 2872 verum
945 2823 974 2873 et
988 2816 1034 2872 illi
1047 2816 1105 2892 ipsi
1115 2831 1219 2870 secum
1227 2819 1364 2891 pugnant

264 2907 295 2956 et
308 2915 402 2956 annos
417 2895 491 2956 duos
512 2899 546 2954 in
564 2917 660 2956 unum
673 2909 788 2956 temere
806 2897 1003 2958 confundunt.
1045 2897 1078 2957 id
1092 2895 1174 2978 quod
1186 2916 1243 2975 ego
1257 2913 1364 2954 neces-

264 2984 350 3041 sariis
365 2982 530 3041 rationibus
545 2986 730 3042 convincam.
774 2986 886 3064 quippe
900 2985 1031 3042 Heraclii
1053 2987 1092 3048 17
1111 2980 1222 3041 iisdem
1233 2981 1363 3040 auctori-

263 3067 320 3126 bus
342 3069 504 3146 imperator
521 3087 591 3126 cum
612 3070 722 3128 Turcis
742 3069 899 3127 Persidem
921 3071 1073 3149 ingressus
1096 3078 1157 3127 eet:
1189 3064 1244 3126 sed
1263 3067 1303 3124 ah
1325 3067 1363 3124 iis

264 3150 456 3232 postmodum
475 3150 610 3212 desertus
633 3173 701 3212 cum
722 3156 833 3212 Razate
855 3153 994 3214 Chosrois
1018 3155 1095 3213 duce
1115 3150 1248 3212 secundo
1267 3153 1363 3210 Marte

265 3237 408 3315 confligit.
450 3237 522 3296 inde
535 3237 688 3297 chosroen
709 3239 875 3318 fugientem
891 3259 1074 3324 persequens
1089 3241 1191 3298 omnia
1205 3234 1298 3296 caede
1316 3246 1363 3294 at·

264 3341 324 3402 que
336 3319 476 3382 incendio
490 3334 597 3382 vastat.
639 3343 700 3404 que
716 3327 747 3381 in
772 3327 949 3384 excursione
964 3327 1096 3384 rsetalem
1109 3322 1221 3383 Christi
1233 3323 1363 3381 celebrat

262 3409 295 3464 in
310 3405 434 3466 nedibus
449 3407 570 3484 lesdim,
585 3411 779 3467 luminarium
793 3431 865 3469 vero
881 3411 992 3469 festum
1003 3412 1114 3470 Iuliani
1128 3411 1281 3490 sequentis
1291 3409 1362 3466 assui
1488 3450 1489 3473 t

264 3493 295 3550 in
310 3492 506 3572 Dastagerde.
548 3497 639 3574 paulo
661 3505 728 3574 post
744 3493 891 3555 Chosrcis
910 3497 1004 3555 utillo
1021 3503 1155 3554 necatur.
1197 3503 1362 3574 pugnatum

263 3586 309 3635 est
323 3597 391 3636 curn
408 3582 530 3656 iterate,
551 3587 586 3638 ut
599 3589 668 3638 ante
682 3599 723 3639 ex
734 3577 924 3661 Theophane
937 3583 1119 3657 monuimus,
1141 3580 1215 3638 Dec.
1230 3581 1280 3656 12,
1292 3577 1363 3637 sah-

263 3662 343 3737 bato,
367 3681 395 3721 a.
415 3665 488 3728 627.
531 3665 593 3724 iam
615 3666 747 3724 ileraclii
766 3685 795 3725 a.
813 3669 854 3732 17
873 3687 943 3725 curn
962 3665 1030 3726 ind.
1056 3667 1095 3732 15
1119 3666 1218 3744 coepit
1239 3683 1268 3722 a.
1289 3665 1361 3726 626.
1488 3686 1489 3747 ,

262 3765 356 3830 quere
379 3751 500 3808 nonnisi
523 3769 552 3809 a.
574 3753 727 3832 sequenti,
749 3753 880 3811 Heraclii
896 3751 952 3827 18,
974 3752 1082 3813 Indict.
1101 3753 1138 3826 1,
1170 3751 1362 3809 cnmltuzate
1488 3750 1489 3773 ³

263 3831 465 3909 debellatum,
496 3835 569 3895 Dec.
587 3837 637 3899 12.
680 3847 772 3919 atquc
791 3847 826 3896 ut
847 3839 949 3897 nullus
969 3833 1189 3919 tergiversandi
1208 3836 1249 3895 sit
1268 3834 1361 3907 locut,

263 3927 372 3978 testem
386 3918 525 3981 dabimus
541 3923 714 3981 Heraclium
728 3925 829 4002 ipsum
841 3925 874 3983 in
889 3924 1016 4004 epistole
1029 3942 1123 4006 quam
1135 3920 1176 3981 ed
1190 3919 1362 4022 cpolitano·

262 4007 396 4085 act-ipsit,
425 4007 478 4064 uhi
497 4009 630 4087 primum
643 4009 798 4067 Februarii
812 4007 856 4072 24
872 4014 928 4090 τῆς
940 4008 1135 4092 ἐνισταμένης
1148 4027 1271 4089 apocope
1284 4005 1363 4068 Ms-
1487 4008 1488 4051 ³

260 4095 404 4168 κτιοῖνος,
435 4091 624 4157 ιλιαλοσιαο1
647 4095 734 4164 Iud,
757 4093 899 4174 dynastas
917 4114 1024 4154 omnes
1047 4103 1080 4153 et
1101 4103 1235 4172 satrapes
1257 4087 1297 4148 ad
1312 4091 1363 4149 Si-

260 4181 345 4236 roem
361 4177 465 4238 relicto
478 4176 610 4239 chosroe
622 4177 768 4238 deiecisse
780 4189 891 4255 narret,
908 4179 1054 4258 postridie
1069 4179 1188 4240 Siroim
1198 4180 1362 4255 inunguer-

261 4269 335 4336 tum‚
359 4259 524 4324 chosroem
541 4283 613 4325 vero
632 4265 673 4328 28
693 4267 807 4325 mensis
821 4265 957 4325 eiusdem
971 4286 989 4325 e
1003 4267 1066 4325 filio
1083 4273 1238 4323 necatum.
1280 4257 1363 4318 edus

258 4347 381 4427 insuper
395 4345 598 4413 obnecterem
609 4347 699 4414 huius
715 4353 787 4413 1111111
800 4372 832 4432 p.
846 4353 928 4430 917,
959 4371 1028 4414 cum
1047 4353 1091 4412 ait
1103 4350 1216 4432 Aprilis
1231 4352 1251 4412 8
1264 4343 1362 4406 dumi·
1487 4350 1488 4401 1
