3000 4850
235 315 292 390 rt
679 315 742 384 DU
767 311 909 384 elnon

241 484 356 566 templo
377 481 432 546 SS.
453 481 554 565 Sergii
573 492 603 543 et
619 481 749 544 Bacchi:
773 482 834 546 ἔστι
856 479 890 545 di
909 473 1014 556 αὕτοΐς
1034 477 1090 562 piot
1109 475 1165 562 nir
1181 476 1268 562 sliri
1281 483 1345 544 τοῖν

240 567 411 654 προθύρων
431 564 520 642 croci,
551 567 602 632 bri
627 573 683 632 rosi
706 563 877 648 Νοὶρθηκος
904 571 948 648 τῷ
968 562 1137 647 κερκμήκης
1162 561 1241 629 εἶναι
1263 561 1345 630 civo·

240 655 387 738 μασμὲνη.
430 665 461 714 et
477 655 497 718 5
519 655 540 716 6
561 653 600 714 de
612 655 726 735 templo
742 654 882 734 deiparae
897 655 1188 731 Hierosolymitano:
1211 645 1284 715 croci
1298 674 1346 726 τις

240 741 389 822 ἐκδέχεται
405 739 556 810 ,ἐντεῦθεν
574 739 674 818 ἑτέρα,
696 738 747 802 ἐπὶ
761 744 818 804 τοῦ
834 732 992 818 νάρθηκος
1010 733 1224 817 ὠνομασμένη,
1246 732 1344 814 οἶμαι,

237 831 280 911 τῷ
298 823 340 906 μὴ
364 819 566 907 triplicantes,
588 826 641 884 ubi
658 827 822 905 Procopius
842 825 981 883 vocabuli
999 843 1054 883 sen
1069 824 1279 903 appellationis
1292 841 1344 879 ra-

239 917 355 972 tlanem
367 914 509 984 insinuat,
528 913 631 992 sicque
645 907 739 970 dictus
750 909 922 969 istiusmodi
933 911 1065 988 porticus
1080 919 1148 966 ante
1159 909 1345 987 templorum

240 998 405 1071 vestibula,
428 995 509 1088 qnod
524 999 557 1054 in
570 999 717 1054 maiorem
731 993 953 1074 longitudinem
966 1013 1058 1075 quam
1069 991 1259 1052 latitudinem
1270 1012 1345 1071 pce-

241 1086 424 1162 rigerentnr,
454 1092 544 1162 atquc
569 1083 612 1139 ita
637 1081 751 1146 ferulae
778 1083 911 1160 speciem
938 1077 1162 1160 quodammodo
1187 1079 1343 1151 referrent,

239 1187 317 1248 quae
338 1168 497 1245 oblongius
517 1175 563 1226 est
581 1184 673 1248 qnam
693 1168 796 1240 latior,
818 1177 852 1226 ut
873 1167 969 1225 obiter
992 1168 1146 1243 attigimus
1160 1167 1193 1221 in
1208 1165 1288 1222 notis
1303 1162 1345 1220 ad

238 1251 436 1313 Alexiadem:
467 1254 580 1332 quippe
602 1255 665 1312 πᾶν
687 1245 849 1330 δρομικόν,
876 1251 975 1331 inquit
997 1251 1196 1330 Zygomalas,
1220 1243 1346 1328 νάρθηξ

238 1339 362 1420 λέγεται.
404 1335 487 1395 unde
502 1357 563 1395 non
578 1339 699 1395 omnino
715 1334 915 1395 hallucinatos
928 1336 999 1394 illos
1011 1333 1134 1394 evidens
1148 1345 1193 1393 est
1207 1336 1259 1414 qni
1271 1353 1346 1392 nar-

239 1423 359 1494 thecem
376 1423 519 1481 ecclesiae
533 1424 682 1501 porticum
695 1422 791 1481 fuism
805 1424 967 1501 scripsere,
989 1430 1024 1479 ut
1036 1421 1101 1479 vult
1114 1421 1243 1478 Allatius
1262 1420 1344 1477 Goa-

238 1529 307 1569 rnm
322 1512 468 1581 innuens,
495 1505 741 1588 qnandoquidem
758 1505 792 1565 id
808 1507 928 1566 disertis
942 1507 1041 1564 verbis
1058 1504 1181 1564 tradunt
1198 1505 1346 1563 Silentia-

239 1597 303 1654 rius
316 1604 345 1653 et
358 1594 539 1672 Procopius3
561 1593 670 1674 quibus
685 1593 767 1652 lavet
780 1592 913 1652 cedinus
926 1594 960 1650 in
975 1591 1119 1670 Originib.
1134 1591 1345 1648 Lambecianis

239 1700 273 1760 p·
289 1677 347 1743 45:
370 1677 422 1740 noi
441 1682 499 1741 rosi
520 1679 616 1740 iunco
641 1671 738 1756 αὗτῆς
756 1677 851 1740 ἐκεῖσε
868 1670 1089 1755 discalceatos
1101 1676 1274 1756 ἔμπροσθεν
1286 1677 1346 1736 τοῦ

240 1759 400 1846 νάρθηκος
424 1766 480 1826 τοῦ
504 1766 599 1839 ναοῦ,
629 1773 659 1822 et
678 1761 869 1822 Theorianus
890 1764 924 1820 in
943 1763 1108 1840 legatione,
1130 1759 1287 1840 νάρθηκα,
1310 1762 1344 1818 in

241 1869 302 1930 quo
318 1851 505 1929 paenitentes
517 1849 651 1925 stabant,
675 1848 731 1924 ἔξω
747 1852 803 1927 τῆς
817 1848 974 1927 ἐκκλησίας
988 1858 1137 1921 statuens,
1158 1846 1212 1904 nbi
1225 1844 1344 1903 divinas
1426 1873 1429 1877 ·

239 1938 419 2016 scripturas,
447 1935 547 2014 inquit
565 1935 636 2009 ille,
664 1932 843 2010 audiebant,
871 1953 949 2015 quae
974 1933 1088 1991 scilicet
1109 1935 1143 1990 in
1165 1929 1240 1989 aede
1259 1949 1345 1989 sacra

238 2032 291 2080 aut
308 2020 508 2080 recitabantur
525 2029 576 2078 aut
592 2017 844 2096 decantabantnr3
866 2017 948 2077 unde
968 2011 1158 2099 ἆκροοίμενοκ
1175 2018 1289 2095 passim
1309 2017 1344 2073 in

237 2105 380 2166 narthece
403 2115 489 2164 extra
510 2106 667 2164 ecclesiam
694 2103 835 2163 dicuntur
859 2104 1042 2178 constitisse,
1065 2100 1146 2181 apud
1163 2103 1344 2180 Gregorinm

237 2189 403 2251 Thaumat.
422 2209 488 2248 can.
507 2193 546 2264 2,
567 2193 718 2250 Zonaram
732 2188 773 2249 ad
786 2192 885 2252 can-1
904 2189 1024 2248 concilii
1042 2188 1167 2246 Nicaeni
1186 2207 1214 2261 1,
1235 2187 1345 2244 Balsa·

237 2297 361 2336 monem
376 2273 417 2332 ad
433 2294 499 2332 can.
519 2271 557 2338 14
577 2274 713 2334 eiusdem
734 2276 874 2333 concilii:
896 2272 929 2337 ἐν
948 2275 1117 2356 βασιλικοῖς
1134 2275 1267 2346 καλοῖσι,
1288 2291 1345 2330 seu

237 2363 329 2441 regiis
346 2381 381 2419 ac
395 2361 565 2439 praepruis
579 2360 742 2440 porticibus
761 2359 809 2417 rel
821 2359 953 2434 loribus,
975 2356 1057 2438 apud
1068 2359 1213 2417 Alexium
1225 2359 1343 2415 Ariste-

235 2468 328 2523 num,
350 2443 608 2529 quemadmodum
629 2456 842 2525 nuncupantur
860 2446 898 2503 ab
920 2447 1080 2504 Anastasio
1093 2464 1156 2502 non
1172 2444 1285 2516 semel,
1308 2453 1343 2501 ut

235 2535 315 2591 iutra
337 2531 517 2591 indicamus.
560 2550 660 2612 neque
681 2532 774 2589 aliam
788 2532 865 2589 forte
880 2530 918 2589 ob
936 2531 1084 2589 rationem
1100 2528 1178 2587 dixit
1197 2528 1343 2587 Silentia-

236 2622 298 2677 rius
315 2639 344 2678 r.
364 2619 450 2681 13111
462 2612 605 2675 nartheca
626 2636 715 2677 voces
735 2636 858 2676 sonoras
875 2614 1001 2675 Doridis
1024 2616 1157 2694 psalmos
1180 2616 1343 2672 concinen-

235 2707 316 2762 tium
337 2704 460 2761 alternis
481 2704 617 2763 cautibus
637 2700 829 2763 sacerdotum
851 2700 908 2783 (in
919 2721 979 2761 nac
999 2700 1133 2780 scilicet)
1154 2697 1293 2759 exaudiri
1307 2718 1345 2758 ao

235 2808 323 2853 aures
338 2786 388 2849 dei
401 2788 553 2847 mulcere:

402 2899 517 2969 ἐνθάδε
530 2929 576 2981 τις
588 2900 666 2969 suad
678 2900 774 2969 νύκτα
787 2898 949 2988 δτᾶρκερες
963 2894 1038 2986 ἦχος
1053 2898 1194 2988 deiocus

402 2987 563 3067 ον’κέλαδος
578 2996 720 3073 Χριστοῖο
734 2988 874 3074 βταρκέος
889 2987 983 3054 οὔατα
996 2988 1109 3071 θέλγει.

130 3118 153 3171 P
168 3114 221 3177 5³5
238 3112 290 3171 ubi
302 3131 356 3192 per
366 3108 444 3176 κακοὶ
456 3104 552 3177 νύκτα
562 3110 682 3174 ridetur
694 3114 828 3174 innuisse
840 3130 945 3193 preces
958 3110 1161 3190 vespertinas,
1181 3106 1345 3193 dequibus

237 3200 383 3259 Paulinus
397 3202 425 3259 N
427 3208 467 3258 at.
479 3202 517 3263 7:

859 3291 932 3340 tunc
947 3300 1017 3360 ergo
1031 3278 1138 3339 scinne

402 3367 532 3428 coetibus
549 3387 570 3425 a
586 3366 696 3445 templo
714 3366 843 3439 domini,
860 3377 1024 3446 postquam
1039 3365 1216 3444 σκέψαιο

401 3452 575 3532 corporibus
587 3454 716 3532 requies,
736 3463 858 3529 sumpta
871 3452 964 3530 dape,
984 3454 1134 3528 coepimus
1148 3449 1266 3530 hymnis

403 3538 537 3599 eredmre
551 3538 605 3597 deo
618 3549 647 3596 et
652 3537 785 3617 mulmis
791 3538 959 3617 producere
970 3548 1097 3595 uocum.

236 3651 268 3700 at
288 3660 340 3699 cur
356 3644 521 3721 porticum,
544 3658 637 3721 quam
652 3638 734 3699 nude
747 3659 783 3698 ac
795 3639 972 3717 simpliciter
983 3632 1127 3719 νάρθηκα
1138 3646 1225 3696 vocat
1239 3635 1345 3695 Silan-

236 3728 356 3799 tiarius,
385 3725 435 3791 issi
458 3728 516 3789 aori
537 3723 696 3808 νάρθηκος
718 3726 852 3806 appellet
869 3727 1050 3805 Procopius,
1080 3724 1165 3781 nulla
1184 3719 1262 3780 mihi
1282 3721 1346 3779 alia

235 3813 386 3871 suboritur
409 3813 596 3885 coniectura,
618 3830 711 3891 quam
736 3809 819 3892 quod
841 3811 1023 3869 familiarem
1043 3810 1279 3890 Byzantinorum
1296 3808 1346 3864 ci-

235 3899 320 3958 vium
342 3895 488 3979 loquendi
510 3915 627 3955 morem
645 3899 841 3975 expresserit,
864 3898 918 3977 qni
938 3894 1021 3977 quod
1039 3893 1122 3954 unde
1138 3892 1266 3950 northen
1281 3888 1345 3949 dici

237 3980 398 4059 debuerat,
419 3982 464 4043 ad
475 3982 647 4041 narthecem
662 3983 713 4040 vel
728 3984 765 4040 in
776 3980 918 4040 uendere
930 3982 1111 4055 efferebant,
1129 3974 1346 4057 ἆκροωμὲνονς

236 4070 313 4128 forte
333 4072 510 4145 innuentes,
532 4070 586 4149 qui
603 4070 636 4125 in
656 4086 692 4127 eo
713 4068 915 4128 consistebant
930 4077 983 4125 ant
998 4068 1051 4146 qni
1070 4063 1108 4123 ad
1131 4083 1202 4122 eum
1223 4064 1345 4140 relega-

235 4156 362 4225 bantur,
385 4149 642 4235 quemadmodum
658 4156 838 4231 posteriores
845 4154 953 4211 Graeci
965 4152 1072 4211 urbem
1079 4150 1270 4229 cpolitanam
1280 4166 1345 4205 non

235 4234 327 4303 πόλιν
338 4238 392 4299 sed
408 4234 483 4303 στοῖν
498 4231 590 4303 πόλιν
603 4238 816 4317 appellabant,
837 4239 883 4296 nti
895 4238 969 4296 alibi
983 4237 1174 4297 observatum
1188 4244 1243 4293 est.
1285 4252 1345 4289 ne-

235 4344 295 4407 que
319 4326 401 4385 enim
421 4326 545 4387 omnino
567 4322 680 4385 arridet
699 4342 806 4387 aomm
825 4324 974 4385 sententia
987 4325 1042 4406 qui
1053 4320 1103 4388 tat
1119 4340 1175 4403 pm
1192 4311 1257 4384 α’ττό
1272 4336 1344 4399 per·
