3000 4850
230 282 281 361 94
701 280 873 353 ruravu

230 450 453 513 Ii'ebruaricdie
464 446 496 513 l.
531 450 693 530 imperator
705 451 971 533 mstemproeoepit
983 448 1050 512 atta
1061 449 1338 514 heddomadam-

230 560 300 598 nam
316 538 446 618 apponi3
476 545 505 594 at
518 556 620 595 omnes
632 539 771 597 eanum
784 539 949 599 venditores
957 538 1131 599 occiderunt
1143 550 1173 597 et
1183 560 1338 618 apponte-

228 636 316 697 runt,
336 632 468 679 sturmo
491 620 597 681 adobed
615 632 672 681 urst
689 622 814 683 aruba.
854 644 946 703 pom
962 624 1222 703 paschesactum
1239 634 1337 683 estut

137 712 161 768 l’
178 708 214 767 54
230 712 391 789 imperator
403 706 508 778 uruit,
527 718 555 765 st
567 709 708 767 invem
723 720 768 768 ert
777 710 913 788 populus
926 711 1068 769 mucram
1080 709 1265 769 hebdomade
1277 732 1336 769 sra-
1498 765 1499 776 ,

225 794 358 876 perfluo.
404 811 445 851 ex
464 793 573 872 quibua
590 794 741 871 colligitur
757 798 904 875 populum
919 794 1090 877 praefixum
1101 796 1139 853 ab
1151 798 1335 876 imperatore
1402 863 1408 875 .

229 880 391 941 terminum
414 874 606 937 hebdomada
626 877 723 939 aalide
741 883 943 960 praevenisse.
984 882 1018 939 in
1034 882 1194 941 annalibus
1211 882 1334 940 confer·

228 976 279 1025 tur
294 961 353 1023 hoc
368 964 400 1021 irr
413 982 441 1021 a.
455 963 489 1022 0.
501 962 574 1029 545·
616 984 724 1025 verum
741 969 880 1047 sequenti
893 968 983 1045 plana
999 968 1124 1045 contigit
1137 964 1218 1041 546,
1239 968 1336 1027 lusti-

227 1052 311 1109 rriani
332 1049 371 1113 19
392 1046 529 1108 nondum
549 1050 669 1110 evoluto
701 1049 806 1132 (quod
824 1052 927 1131 ipsrun
944 1052 1136 1131 scriptoribus
1155 1052 1334 1131 imposuit),

227 1132 442 1195 inchoantem
456 1130 563 1193 indict.
578 1136 609 1197 9.
650 1137 683 1194 in
698 1154 759 1216 quo
771 1136 967 1196 vehementer
980 1134 1203 1195 hallucinantur
1215 1140 1268 1217 qui
1279 1146 1335 1196 aut

228 1238 360 1281 errorem
377 1220 466 1279 illum
483 1220 647 1281 Iustiniana
666 1223 819 1298 tribuunt,
841 1232 893 1281 aut
916 1222 1011 1281 ullam
1034 1224 1157 1281 omnino
1179 1220 1336 1301 pasclratis

229 1298 417 1386 διαστροφήν
436 1303 580 1365 accidisse
601 1306 750 1382 scribunt,
772 1310 817 1367 nti
834 1305 989 1367 Gadrenus
1005 1304 1210 1386 Theophanes
1225 1307 1335 1382 etalii,

229 1393 283 1474 qui
294 1408 397 1450 aecum
410 1390 468 1468 ipsi
480 1392 636 1470 perspicue
648 1402 795 1471 pugnant.
817 1395 931 1453 etenim
943 1394 971 1453 si
985 1411 1026 1451 ex
1040 1393 1231 1471 imperatoris
1242 1411 1335 1471 prac-

229 1478 360 1556 scripto,
383 1473 465 1555 quod
480 1478 588 1535 canoni
600 1488 834 1537 consentaneum
846 1480 941 1539 fuisse
955 1496 1033 1537 mox
1045 1474 1254 1550 ostendemus,
1275 1496 1335 1556 pa-

229 1560 304 1622 scha
323 1562 506 1620 celebratum
518 1571 580 1637 cst,
600 1562 685 1621 nulla
701 1565 767 1623 eiua
780 1565 915 1644 proiecto
930 1558 1098 1645 διαστροφή
1113 1564 1186 1638 tuit,
1208 1560 1263 1624 aad
1276 1566 1336 1642 τῆς

229 1640 462 1728 ἆποκριωσίμου
484 1644 589 1725 ἑορτῆς
613 1646 778 1722 duntaxat,
810 1668 904 1731 quam
929 1649 1039 1727 vulgus
1062 1650 1237 1727 imperitum
1262 1665 1336 1707 oum

230 1728 501 1813 quartadecimanis
520 1742 622 1791 canna
640 1752 788 1793 canonem
806 1737 915 1795 inierat
930 1734 1087 1793 Februarii
1097 1734 1128 1797 t.
1171 1731 1230 1794 hoc
1250 1735 1337 1793 enim

148 1889 169 1918 ·
232 1816 658 1983 mitititii?
665 1820 798 1980 rili?
809 1817 1336 1983 111111ζέώὲῗᾶῗὲ

230 1991 378 2049 terminus
390 2008 462 2047 vero
477 1984 540 2047 lral.
554 1990 646 2069 Apr.;
669 2006 830 2069 quaecum
842 1990 1086 2049 concurrentibus
1100 1987 1174 2048 dant
1187 1989 1296 2048 feriam
1304 1990 1337 2050 1.

231 2091 325 2156 quare
338 2072 560 2153 prorogandum
574 2085 694 2153 ternpus
707 2094 748 2134 ex
762 2093 894 2150 canone,
919 2085 950 2135 et
964 2076 1077 2153 Aprilis
1091 2078 1112 2139 8
1125 2073 1238 2152 pascha
1251 2074 1336 2133 cele-

229 2158 397 2235 brandum,
421 2169 455 2219 nt
474 2161 562 2220 scivit
577 2162 772 2221 lastinianus.
814 2180 916 2221 rursus
932 2178 973 2219 ax
988 2156 1096 2227 eodem
1109 2162 1236 2219 Maximi
1249 2178 1336 2219 com·

230 2256 304 2325 puto
327 2246 472 2305 terminus
496 2248 552 2326 τῆς
573 2240 800 2326 παρεκβάσεως
819 2249 883 2309 sois
903 2242 1000 2328 dyirss
1022 2247 1170 2325 νηστειῶν
1192 2247 1257 2304 sira
1278 2247 1336 2323 τῆς

232 2324 463 2412 isaurorum
481 2328 587 2413 inperii,-
601 2332 757 2391 Febmarii
770 2332 808 2407 4,
829 2351 908 2413 quaa
923 2350 994 2391 curu
1009 2334 1194 2412 προσθπαῖς
1207 2326 1337 2389 totidem

232 2426 263 2475 et
284 2415 526 2476 concurrentibus
547 2416 640 2476 nullia
658 2415 710 2476 dat
726 2416 836 2476 feriam
852 2419 891 2491 13
911 2412 1098 2498 proindeque
1120 2412 1335 2476 diffundendus

232 2499 299 2561 dies
313 2503 346 2560 iu
362 2505 382 2566 9
396 2500 561 2560 Februarii.
604 2522 673 2561 cum
692 2504 787 2581 igitur
803 2504 934 2584 pupulus
949 2513 1019 2562 autc
1032 2503 1203 2581 legitimum
1214 2512 1335 2580 tempus

231 2588 265 2646 in
292 2588 422 2666 ipsomet
445 2589 574 2647 termino
599 2588 749 2648 ieiunium
777 2590 843 2648 sire
870 2586 1133 2672 quadragesimam
1158 2587 1208 2646 val
1232 2589 1335 2667 potius

229 2666 508 2752 umenecessitatis
530 2671 701 2734 inchoasset
722 2673 811 2734 Febr.
832 2673 871 2750 4,
901 2674 1104 2733 celebraturus
1129 2669 1243 2752 pascha
1270 2669 1335 2732 lral.

232 2759 363 2838 Aprilis,
394 2759 577 2818 lautinianus
596 2757 693 2818 edixit
710 2778 750 2817 ne
772 2769 842 2818 anta
861 2760 882 2822 8
900 2759 1014 2838 Aprilis
1035 2769 1183 2838 ageretur.
1230 2759 1334 2837 itaque

232 2839 457 2904 hebdomadem
477 2862 570 2903 unam
594 2841 634 2903 ad
655 2847 675 2909 8
699 2845 840 2904 solennes
863 2842 998 2918 addidit3
1030 2863 1091 2925 qua
1112 2844 1338 2922 religiosissima

233 2930 320 3009 plebs
334 2930 550 3009 interrumpere
565 2931 712 2988 ieiunium
723 2931 821 2990 noluit
832 2941 863 2990 et
874 2931 990 2990 oblatas
1002 2949 1107 2989 carnes
1119 2931 1242 3007 respuit.
1284 2948 1337 2986 ce·

233 3026 333 3073 terum
356 3015 389 3074 in
409 3011 501 3075 huius
518 3015 718 3095 explicatione
733 3017 796 3075 loci
809 3015 933 3076 mirifica
947 3015 1065 3075 aberrat
1079 3010 1225 3093 losephus
1236 3013 1337 3074 Scali-

234 3118 289 3178 ger
317 3099 358 3178 (l.
380 3097 400 3163 4
423 3098 461 3158 de
481 3100 642 3160 Emendat.
662 3099 813 3180 Temp.),
844 3121 915 3160 cum
935 3098 1018 3182 apud
1037 3098 1207 3159 cedrenum
1226 3118 1282 3178 pro
1298 3102 1337 3174 A,

233 3183 293 3245 hoc
307 3196 352 3245 est
368 3185 568 3262 4Februaril,
592 3190 652 3261 ΙΔ,
673 3184 733 3246 hoc
752 3197 799 3246 est
820 3185 876 3263 14,
898 3186 1050 3260 rescribit,
1072 3195 1103 3244 et
1120 3184 1162 3247 53
1176 3180 1241 3242 dias
1257 3184 1339 3242 ieiu-

234 3289 322 3330 nasse
338 3273 486 3350 populum
500 3282 590 3353 atque
604 3272 643 3330 ab
657 3292 712 3332 esu
726 3273 863 3330 carnium
876 3271 1055 3331 abstinuisse
1072 3267 1193 3342 scribit,
1214 3287 1285 3328 cum
1296 3286 1339 3328 ex

235 3354 449 3418 cousuetudine
473 3356 515 3420 46
538 3367 657 3416 tantum
678 3356 744 3418 dias
768 3358 882 3417 ieiunio
905 3359 966 3416 sint
984 3355 1128 3414 attributi.
1169 3372 1276 3412 rernm
1298 3371 1340 3412 ex

234 3443 363 3500 Maximi
378 3451 535 3521 computo,
558 3461 651 3523 quern
662 3445 728 3524 ipsc
743 3445 778 3502 iu
794 3443 908 3502 calcem
924 3441 995 3500 libri
1010 3441 1060 3500 sui
1074 3439 1214 3515 coniecit,
1235 3439 1339 3497 mani-

234 3526 312 3585 feste
325 3529 518 3588 convincitur.
542 3530 696 3588 Maximus
710 3530 793 3588 cuim
805 3525 845 3588 ad
859 3525 1024 3587 eruendam
1038 3520 1095 3607 esis
1106 3517 1340 3606 ducaotdarpov

235 3603 346 3693 ἑορτήν
366 3611 504 3693 indagari
523 3617 621 3694 primo
645 3615 728 3674 iubet
748 3613 849 3694 cyclos
867 3613 990 3673 salisam
1005 3611 1096 3670 lunae
1114 3628 1154 3669 ex
1168 3610 1268 3668 lunari
1281 3629 1340 3689 pe-

237 3694 340 3772 riodo,
360 3706 426 3756 tum
452 3710 670 3760 concurrentes.
713 3697 773 3759 hac
796 3718 866 3758 cum
888 3702 1088 3779 apodiatoria,
1108 3696 1136 3754 ai
1155 3695 1238 3752 ullae
1257 3703 1339 3793 suut,

238 3785 473 3945 iiiiii?
486 3783 718 3930 iiiiii...
731 3777 1341 3949 titiliitittiffiiitss

237 3954 317 4013 utin
330 3950 472 4033 paschate
484 3953 549 4014 fieri
561 3957 648 4018 solet.
668 3954 755 4016 addit
767 3974 858 4017 usum
872 3956 1039 4036 papamet
1051 3954 1085 4011 in
1096 3970 1125 4012 a.
1139 3951 1272 4010 Heraclii
1286 3953 1340 4026 81,

238 4041 293 4120 qui
312 4050 358 4098 est
376 4035 488 4098 Christi
502 4041 575 4106 641.

323 4127 388 4183 Hoc
403 4134 435 4182 ut
445 4125 564 4203 planius
576 4127 747 4206 intelligas,
765 4127 844 4194 scitu
856 4125 986 4184 Graecos
999 4117 1246 4205 quadragesimae
1261 4119 1342 4178 ieiu-

236 4209 323 4267 nium
347 4229 365 4268 a
390 4207 557 4287 dominica,
588 4232 679 4294 quam
703 4232 759 4272 nos
778 4211 987 4290 sexagesimae
1010 4209 1103 4288 vulgo
1126 4205 1270 4281 dicimus,
1290 4206 1342 4263 iu-

237 4291 346 4354 choara
369 4296 496 4375 solitos3
528 4295 611 4381 quod
635 4294 760 4382 quidem
780 4317 822 4358 ex
842 4296 972 4357 Maximi
994 4301 1135 4376 computo
1159 4292 1341 4372 colligimus,
