3000 4850
441 249 496 316 AD
521 248 802 322 NIGEPHORUM
827 253 981 320 NOTAE.
1192 254 1265 325 119

159 434 230 477 vero
248 409 460 495 corrigendum
472 432 577 475 rursus
588 412 769 492 Chronicon,
791 412 865 475 dum
882 412 1004 475 Phocoe
1020 418 1049 494 6,
1068 438 1129 500 quo
1147 427 1264 479 creatus

159 512 206 561 est
217 499 364 576 Thomas,
384 498 451 562 lud.
473 502 524 577 10,
543 512 628 561 notat
642 511 711 581 post
725 504 913 562 consulatum
925 500 1045 561 Phocoe
1060 510 1089 580 8,
1112 504 1263 585 siquidem

160 585 279 645 Phocoe
296 588 412 665 primus
425 584 592 662 inchoatur,
615 608 655 647 ex
672 584 780 647 eodem
794 585 953 663 Chronico,
974 586 1084 647 ludict.
1099 593 1129 665 6,
1150 591 1262 651 Novbr.

159 672 212 747 26,
235 668 403 745 dominica,
426 690 496 729 cum
511 670 560 731 die
573 674 635 747 23,
657 672 766 735 feria6
783 674 979 752 inauguratus
994 685 1073 733 eust
1091 695 1109 733 a
1125 677 1262 754 Cyrioco.

162 777 257 817 annus
269 768 314 817 est
329 758 363 816 0.
380 758 451 831 602,
474 758 559 837 cyclo
572 758 644 817 solis
655 760 708 833 23,
730 758 776 816 lit.
790 756 871 817 dom.
887 759 925 815 G.
968 777 1048 817 anuo
1060 764 1132 835 608,
1148 759 1215 818 lud.
1231 764 1262 835 6,

163 840 277 903 Phocus
290 843 479 903 consulatum
494 844 573 901 iniit.
616 861 686 921 ergo
700 862 780 901 auno
795 841 868 918 604,
888 841 1009 901 Phocoe
1023 847 1062 919 2,
1083 842 1150 903 lud.
1166 848 1186 907 8
1203 866 1261 903 uu-

162 929 269 988 lnerari
284 930 383 1007 coepit
398 938 467 1007 post
484 930 549 987 eius
566 929 756 989 constrictum
773 932 803 991 1.
846 947 926 988 anuo
944 927 1053 987 deinde
1067 931 1146 1004 606,
1176 928 1261 989 Phc-

162 1032 215 1071 cua
230 1016 261 1087 8,
283 1012 350 1073 had.
364 1015 385 1076 8
397 1032 493 1071 annus
508 1014 566 1073 fuit
578 1024 646 1093 post
662 1014 851 1073 consulatum
868 1016 900 1076 2.
922 1016 1023 1094 itaque
1042 1036 1071 1071 a.
1089 1017 1163 1089 606,
1176 1014 1262 1074 Pho-

162 1117 214 1156 cae
228 1095 267 1171 4,
288 1096 355 1157 lud.
369 1101 407 1173 9,
429 1109 474 1157 est
488 1099 525 1158 ab
539 1101 602 1159 eius
618 1100 775 1159 consulatu
788 1102 824 1171 33
846 1118 942 1157 annus
956 1119 1026 1158 vero
1040 1100 1119 1174 607,
1140 1096 1261 1159 Phocoe

161 1183 198 1256 6,
225 1179 292 1242 lud.
310 1188 366 1257 10,
393 1194 461 1263 post
474 1186 540 1245 eius
556 1187 744 1245 consulatum
759 1181 898 1247 ordiuel
918 1193 974 1243 est.
1016 1185 1096 1243 male
1116 1186 1208 1265 igitur
1227 1187 1260 1248 in

163 1268 277 1327 Graeco
292 1266 399 1327 ludict.
422 1272 442 1333 9
461 1278 490 1327 et
509 1274 549 1334 10
566 1271 612 1330 bis
626 1272 749 1329 iteratur
769 1266 802 1332 ιὰ
817 1265 853 1351 ρ’.
894 1265 971 1328 haec
986 1272 1078 1350 paulo
1093 1272 1260 1330 accuratius

162 1373 181 1411 a
193 1353 281 1413 uobis
298 1365 526 1429 excusserunt,
556 1365 590 1415 ut
604 1367 634 1415 st
651 1357 773 1413 illorum
784 1366 954 1433 temporum
969 1353 1109 1415 historiae
1127 1366 1157 1415 et
1171 1357 1260 1416 lucu-

162 1439 329 1499 lentissimo
344 1437 491 1499 Chronico
505 1442 607 1521 aliqua
622 1451 760 1520 exparte
775 1442 990 1499 consuleretur.

244 1543 277 1603 p·
293 1527 335 1587 30
349 1544 379 1583 v·
394 1522 426 1587 4.
468 1524 521 1588 stul
535 1522 696 1608 ἐπειδήπερ
711 1524 897 1606 προσέκειτο]
917 1546 980 1585 nou
992 1522 1193 1585 dubitavimus
1205 1547 1259 1605 pro

160 1611 277 1692 Σεργίῳ
295 1602 409 1695 Πύρρῳ
426 1613 579 1671 restituere
599 1614 632 1669 in
646 1613 754 1669 Latina
775 1619 877 1669 nosue
898 1612 1160 1691 interpretatione:
1194 1632 1260 1669 cer-

161 1703 225 1753 tum
238 1703 284 1753 est
298 1696 379 1753 euim
393 1693 544 1775 Pyrrhum
560 1696 667 1776 Sergio
685 1697 863 1755 successisse
880 1714 909 1753 a.
924 1696 1055 1754 Heraclii
1068 1700 1126 1770 29,
1150 1693 1261 1756 Christi

160 1780 234 1841 639.
268 1781 318 1839 cui
331 1777 536 1859 Theophanes
550 1801 578 1843 a.
590 1786 612 1849 8
628 1783 770 1861 assignat,
790 1778 978 1861 Nicephorus
991 1783 1024 1839 iu
1037 1778 1184 1840 Chronico
1199 1786 1261 1845 a.2

159 1882 280 1925 menses
295 1866 316 1927 9
332 1863 397 1925 dies
411 1866 443 1927 9.

243 1948 287 2007 ib.
309 1970 338 2009 v.
359 1956 392 2018 8.
434 1946 496 2032 ἤδη
516 1947 550 2013 δὲ
570 1944 690 2033 χρόνοις
711 1946 807 2029 croto]
836 1944 1042 2029 Theophanes
1064 1968 1094 2009 a.
1107 1948 1150 2012 25
1163 1950 1261 2007 Hera-

160 2034 229 2094 clii:
250 2040 459 2120 κατηγορεῖται
472 2033 505 2099 di
520 2035 540 2100 o‘
548 2040 651 2118 Κῦρος
664 2034 715 2101 ἐπὶ
729 2038 786 2097 τοῦ
800 2032 945 2115 βασιλέως
960 2032 1004 2112 οἷς
1018 2028 1052 2097 sd
1068 2034 1192 2114 χρυσίον
1206 2036 1262 2114 τῆς

159 2115 397 2269 Αἰγιῖιηρέἐιοῖς
411 2126 604 2206 Σαραιιιριιοῖς
619 2117 709 2199 δούς,
739 2117 793 2183 ml
804 2113 982 2195 decurritur
992 2113 1061 2201 μετ’
1078 2113 1171 2204 ὀργῆς
1183 2122 1262 2183 roti-

157 2226 212 2277 ιον
349 2220 440 2285 sporo.

122 2323 127 2331 ·
221 2228 376 2370 μῖὶτδ1μν.
392 2295 422 2354 1.
462 2288 564 2371 Διι616
574 2286 607 2355 di
621 2288 674 2353 sat
687 2286 844 2368 Μιιρῖνιιν]
862 2307 941 2347 auno
957 2288 1088 2348 Heraclii
1103 2290 1155 2363 22,
1172 2285 1263 2347 Chri-

159 2374 199 2436 sti
214 2378 285 2450 680,
312 2374 378 2436 lud.
394 2374 431 2450 4,
451 2379 527 2436 Nor.
540 2380 561 2442 7
580 2374 788 2459 (corrigendus
800 2372 1021 2455 Theophanes,
1044 2372 1117 2434 dum
1131 2376 1263 2434 lieraclii

159 2461 201 2523 21
214 2458 367 2543 numerat)
383 2472 471 2522 uatus
489 2470 534 2521 cst
546 2463 685 2522 Heraclio
701 2468 734 2522 in
748 2464 870 2521 Oriente
884 2462 983 2536 iilius,
1004 2481 1097 2542 quens
1111 2459 1264 2520 cedrenus

157 2545 308 2606 Davidem
324 2558 421 2608 vocat.
465 2544 631 2629 eademque
649 2547 697 2608 dic
713 2549 910 2607 Constantino
924 2548 1063 2607 Heraclio
1078 2547 1141 2606 filio
1162 2549 1264 2605 nasci-

159 2639 208 2690 tur
222 2635 393 2708 lleraclius,
417 2634 470 2713 qui
486 2652 516 2690 a.
530 2636 668 2716 sequenti
682 2630 750 2694 lud.
766 2632 805 2710 6,
826 2637 903 2693 Nor.
918 2637 949 2709 8,
972 2653 991 2692 a
1005 2634 1112 2714 SergIc
1127 2633 1263 2712 baptiza·
1278 2663 1282 2668 ·

159 2726 208 2776 tus
225 2728 271 2776 ast
284 2719 316 2776 in
330 2714 517 2778 Blacheruis.

243 2801 285 2862 ib·
310 2825 341 2862 v·
364 2808 412 2868 12.
456 2803 490 2866 ἐκ
502 2794 613 2866 roc'rov
626 2795 755 2882 λοιπόν]
778 2803 854 2861 obiit
867 2799 1033 2876 Heraclius,
1047 2795 1263 2880 inquit'l'heo-

157 2884 284 2968 phanes,
305 2887 373 2948 lud.
387 2887 428 2952 14
442 2889 552 2946 Martio
565 2907 679 2963 mense,
702 2885 751 2946 die
767 2889 818 2962 11,
839 2905 910 2944 cum
922 2887 1099 2965 imperasset
1113 2903 1207 2943 anuos
1222 2888 1263 2949 80

158 2993 278 3034 menses
298 2979 349 3052 10.
392 2983 423 3032 at
443 2983 546 3032 noster
567 2992 595 3031 a.
616 2977 657 3037 80
679 2992 801 3031 menses
820 2969 841 3036 4
866 2969 931 3030 dies
949 2974 981 3034 6.
1024 2967 1080 3029 sed
1099 2971 1126 3028 si
1146 2988 1175 3028 a.
1199 2971 1264 3028 eius

158 3061 274 3138 primus
287 3061 324 3120 ab
338 3061 402 3120 Oct.
418 3063 439 3124 7
455 3067 630 3117 numeratus
645 3069 708 3133 est,
743 3053 811 3117 lud.
831 3057 886 3130 14,
908 3075 938 3114 a.
958 3056 993 3115 0.
1014 3057 1093 3130 610,
1126 3065 1160 3113 ut
1175 3064 1265 3113 autea

157 3145 318 3223 probatum
332 3156 387 3220 est,
408 3149 605 3224 mortuusque
620 3155 665 3202 est
680 3163 708 3202 ιι.
724 3143 787 3206 641
801 3143 902 3200 Martii
919 3143 977 3216 11,
997 3141 1156 3219 imperavit
1175 3159 1204 3196 a.
1221 3143 1264 3204 80

158 3230 313 3296 meuses5
331 3229 395 3290 dies
409 3227 441 3294 5.
485 3249 520 3290 ac
541 3232 568 3289 si
590 3248 684 3290 anuos
706 3229 748 3292 66
769 3229 865 3305 vixit,
895 3228 1044 3307 imperare
1063 3225 1162 3305 coepit
1179 3233 1263 3282 aeta-

157 3319 197 3375 tis
213 3315 267 3382 ³5·
359 3373 362 3378 .
1060 3339 1066 3346 ·

243 3421 274 3480 p·
289 3403 330 3468 38
344 3420 373 3458 v·
387 3399 420 3464 3.
465 3392 654 3478 ultraneum]
677 3397 778 3473 deest,
806 3409 840 3456 ut
853 3398 976 3477 opinor,
997 3388 1052 3458 cdv
1066 3390 1138 3459 vido
1152 3403 1204 3452 aut
1216 3393 1261 3453 si-

158 3486 231 3544 mile
249 3485 417 3566 quidpiam.
458 3485 600 3545 monebat
615 3482 786 3564 Philagrius
803 3486 848 3544 uti
861 3483 924 3543 filio
937 3501 992 3542 suo
1003 3482 1196 3561 prospiceret.

245 3569 287 3630 ib.
309 3593 339 3630 r.
363 3573 415 3637 10.
459 3565 699 3652 συμβασιλεύσας
712 3567 745 3633 di
760 3573 803 3655 τῷ
818 3567 929 3649 πατρί]
950 3577 1040 3624 natus
1055 3576 1109 3640 est,
1123 3576 1157 3624 ut
1171 3575 1259 3623 antea

158 3658 346 3731 iactavimus,
367 3654 434 3716 lud.
453 3657 511 3730 16,
532 3657 606 3714 illaii
620 3655 657 3732 6,
679 3675 708 3713 a.
723 3659 797 3718 612.
841 3663 999 3713 coronatus
1012 3672 1083 3711 vero
1101 3649 1207 3710 eodem
1221 3669 1260 3723 a.,

157 3739 227 3802 ind.
246 3743 275 3817 1,
294 3743 368 3802 Dec.
384 3740 436 3806 26.
477 3743 637 3821 imperarit
654 3761 723 3800 cum
737 3752 821 3820 patre
835 3760 863 3799 a.
877 3741 936 3813 28,
958 3740 1027 3816 po'st
1042 3740 1174 3817 parentis
1193 3736 1259 3794 cbi—
1277 3747 1350 3804 1²74

158 3839 226 3887 tum
239 3847 359 3888 menses
372 3826 405 3890 4.
447 3838 478 3886 at
491 3823 677 3906 Nicephorus
696 3838 798 3885 noster
813 3825 1015 3905 supervixisse
1035 3825 1078 3881 uit
1098 3821 1163 3881 dies
1180 3819 1259 3879 dun-
1338 3861 1345 3876 .

159 3923 244 3972 taxat
261 3915 334 3980 108.
375 3932 469 3994 quare
484 3921 619 3972 mortuus
633 3921 678 3972 est
692 3915 760 3970 Iun.
773 3914 816 3974 22
828 3931 856 3971 a.
870 3911 904 3970 0.
919 3909 992 3983 641,
1006 3907 1074 3967 Iud.
1092 3908 1143 3971 14.
1186 3925 1260 3963 cou-

158 3999 293 4058 seutiunt
314 4000 471 4078 scriptores
484 3997 524 4055 cd
536 4017 632 4056 unum
646 4017 751 4056 omues
766 3998 845 4056 claun
863 3997 954 4055 illum
966 4014 1083 4054 veneno
1098 4012 1116 4050 a
1131 3992 1261 4050 Martiua

159 4095 191 4144 et
203 4079 320 4165 Pyrrho
336 4079 504 4166 patriarcha
520 4083 682 4142 sublatum.

245 4169 287 4230 ih.
312 4191 343 4229 r.
365 4169 415 4238 16.
459 4163 557 4243 stillio
572 4160 629 4231 οὖν
642 4161 696 4230 τόν
709 4189 739 4229 ιι
755 4159 889 4247 πατρός]
911 4163 960 4223 udi
976 4161 1156 4223 cedrenum.

246 4254 288 4314 ib.
313 4277 342 4316 r.
361 4257 415 4322 26.
446 4248 646 4330 Οὖιιλινιῖνος
657 4250 710 4334 δέ]
731 4262 794 4313 tota
806 4249 883 4312 haec
894 4250 1047 4315 Valentini
1060 4247 1185 4309 historia
1198 4244 1262 4304 siu-
