3000 4850
468 300 514 369 m
538 300 712 369 emim
739 300 972 371 emmeno.
1195 277 1276 376 '133

165 473 247 531 lieet.
264 468 285 535 6
307 466 361 533 86.
401 465 506 529 Pisida
521 468 675 529 oonlirmat
688 471 868 530 sententiam
889 490 993 529 eornm
1008 472 1062 551 qui
1076 471 1214 551 gigantes
1228 470 1277 531 di-

167 568 232 615 otos
245 565 352 635 putant
365 557 615 661 puaeiyepyaeeiffi
643 554 726 636 qnod
750 566 874 635 etymon
898 554 1044 637 adprobat
1070 556 1208 637 Orpheus
1228 556 1276 618 his

166 642 321 701 versibus:
345 662 402 714 ovo
411 638 555 703 καλέουσι
565 642 709 724 γίγαντας
722 636 887 722 tedwpoe
899 641 933 705 ie
946 639 1142 724 paso'psoow,
1164 638 1277 707 οὕνεκα

166 724 376 812 γῆςῦγὲνοντο
394 724 448 787 sol
467 724 595 806 αἵματος
613 720 783 805 oripovloso.
826 746 933 786 votem
946 721 1276 807 pwdoorsdoooefilioe

167 812 320 872 mendacii
337 813 500 885 vertimus,
528 831 566 870 eo
585 810 669 893 quod
685 812 842 871 nonnullis
864 816 1003 892 gigantes
1025 831 1068 872 ex
1092 811 1275 873 daemonmn

167 918 238 957 omn
250 896 429 957 mulieribus
448 897 608 957 eononbitu
621 898 716 957 luisse
726 908 916 976 procreatos,
938 909 1059 979 sumpto
1072 918 1113 957 ex
1125 918 1209 958 seem
1223 898 1275 958 hi-

167 986 259 1043 storia
273 993 463 1061 argumento,
484 982 599 1061 placuit
616 982 767 1043 adaerere.
810 1004 917 1043 rernm
938 986 965 1044 si
986 986 1054 1066 quis
1073 986 1161 1043 malit
1179 989 1274 1045 intes·-

168 1071 279 1149 peetari
295 1066 459 1147 sabuloso·
481 1078 534 1127 aut
556 1067 665 1148 solone
685 1070 833 1148 originis,
872 1088 934 1129 non
959 1090 1011 1130 me
1034 1069 1160 1130 habebit
1182 1091 1274 1150 repu-

165 1164 322 1233 gnsntem.

251 1242 328 1305 216.
370 1235 440 1297 vide
454 1257 545 1318 supra
562 1258 592 1298 v.
607 1242 660 1305 76.

250 1326 327 1389 217.
368 1335 456 1403 porta
468 1326 644 1405 Hospittdis,
666 1343 760 1405 quam
774 1324 912 1384 nominat
925 1322 1039 1401 Pisida,
1060 1346 1122 1386 non
1135 1346 1275 1388 recense-

167 1420 217 1469 tar
229 1410 264 1467 in
285 1408 374 1489 Cpols'
391 1408 503 1469 eterne
529 1412 608 1470 inter
624 1411 714 1486 erlis¹
726 1422 839 1490 portae.
882 1412 1046 1471 verisimile
1061 1410 1185 1472 ¹ridetur
1205 1434 1274 1473 eam

169 1496 320 1556 exstitisse
333 1494 384 1553 vel
399 1496 541 1554 interval
555 1514 649 1575 prope
663 1507 775 1576 portas,
798 1515 876 1577 qnae
887 1495 1052 1578 Polyandri
1063 1507 1092 1557 et
1100 1499 1134 1559 S.
1144 1501 1274 1559 Romani
1330 1534 1331 1537 =

168 1578 266 1639 diotae
285 1591 374 1641 eunt:
401 1599 476 1639 nem
496 1578 667 1641 Chronioon
684 1580 833 1642 Pssohale
847 1603 884 1660 p.
908 1585 1033 1647 7191ma
1054 1584 1132 1643 oiroa
1152 1604 1188 1645 ea
1207 1586 1274 1645 looa

166 1666 310 1728 barbaros
330 1684 402 1726 suas
420 1664 579 1726 machinas
598 1666 742 1727 eduxisse
761 1679 872 1727 narret.
925 1668 1053 1729 forteesa
1075 1670 1167 1729 etiem
1187 1681 1274 1750 porta

166 1752 334 1829 Hospitalis
347 1771 366 1810 a
380 1762 468 1831 ports
481 1750 648 1833 Polyandri
657 1751 738 1813 nihil
750 1750 861 1829 differt,
881 1771 960 1833 quae
975 1753 1012 1813 ab
1026 1751 1184 1815 hominum
1200 1775 1274 1815 oon-

166 1840 352 1897 ourrentium
366 1836 563 1897 multitudine
576 1832 771 1921 uolievdpoo
785 1848 830 1899 eet
848 1839 1009 1919 appellate.

251 1924 325 1988 219.
368 1924 532 2005 μυρωρχία
548 1935 595 1983 est
615 1922 721 1983 deoem
741 1926 876 1983 millium
888 1924 1085 2004 praelectum.
1127 1926 1230 2005 itaque
1247 1928 1274 1985 ei

165 2004 304 2067 Pisidsm
324 2006 429 2085 audis,
474 2012 626 2089 octoginta
646 2011 780 2071 millium
798 2028 926 2069 numero
946 2010 1065 2069 herbert
1083 2006 1181 2069 adorti
1203 2022 1273 2071 srmt

165 2092 230 2171 ⁰1³⁰
252 2182 327 2245 222.
369 2172 488 2254 νόθους
500 2172 736 2263 πόργουςνοοιῐ
748 2176 1046 2261 maehinasligneas.
1088 2174 1275 2261 Nioephoms

160 2285 199 2343 p·
219 2266 276 2329 12:
296 2256 412 2347 πύργοι
423 2260 458 2327 δὲ
471 2257 552 2344 ἦσαν
566 2260 684 2342 ξύλινοι
695 2265 750 2329 sel
764 2270 889 2347 χελόναι
902 2263 939 2329 ed
952 2260 1226 2347 κατασκευάσματα.

250 2348 327 2414 226.
369 2358 450 2409 oerta
468 2351 526 2411 tibi
539 2370 609 2432 spes
622 2355 702 2413 ineat
716 2352 782 2413 fore
797 2363 830 2411 ut
845 2372 901 2413 auo
913 2352 1031 2411 inorbo
1047 2354 1188 2412 ooneistat
1204 2373 1273 2413 ma-

163 2455 241 2494 nens
254 2436 385 2513 fortuna,
407 2454 447 2494 ne
462 2457 479 2496 e
492 2437 582 2498 nobis
597 2450 683 2520 terga
692 2449 801 2500 vertat.
843 2437 914 2499 vide
928 2437 966 2498 de
981 2440 1077 2498 vortit.
1093 2441 1174 2498 vitae
1187 2461 1217 2500 ν.
1235 2443 1272 2506 18

163 2532 253 2600 etseq
275 2568 284 2587 .

250 2543 325 2671 {27-
368 2603 406 2664 de
424 2604 533 2668 eodem
546 2607 653 2689 Sergio
671 2620 776 2668 orante
791 2609 904 2669 similia
916 2611 950 2668 in
963 2608 1115 2669 Heraios.
1131 2629 1162 2669 v.
1180 2611 1272 2676 1889.

249 2695 324 2756 281.
366 2689 509 2771 denotor
528 2691 648 2754 videtur
662 2695 727 2754 iere
742 2691 852 2754 eodem
868 2715 959 2756 sensu
972 2715 1168 2776 usurpareao
1183 2689 1272 2759 ariso-

163 2775 262 2856 aplev,
282 2787 425 2856 utsupra
439 2797 471 2838 v.
486 2779 541 2844 48.

249 2865 325 2927 236.
367 2863 471 2923 oonler
482 2877 644 2948 sequentee
656 2883 761 2925 versus
773 2885 843 2925 oum
853 2865 962 2924 iambis
968 2865 1119 2925 Hexai'm.
1138 2865 1228 2938 1202.

248 2946 324 3012 218.
365 2945 599 3032 πετροπομπούς
613 2949 790 3027 funditores,
806 2951 929 3030 απὲιρα
940 2958 971 3009 et
986 2949 1104 3031 utpote.

248 3029 324 3097 246.
366 3036 485 3095 exitum
503 3038 777 3117 ampioatiasimmn
795 3037 961 3097 obtinuisse
974 3055 1080 3116 prenae
1094 3037 1195 3115 Sergii
1214 3031 1270 3093 de-

162 3127 310 3178 monstrat
322 3131 411 3198 poete
425 3140 456 3180 v.
473 3123 548 3188 866.

249 3201 323 3268 246.
365 3207 539 3267 Heraclium
558 3210 591 3268 in
607 3205 732 3267 Perside
751 3217 986 3266 eommorentem
1003 3217 1034 3266 et
1054 3223 1123 3266 oum
1138 3202 1271 3266 chosroe

163 3285 358 3348 dimicantem
386 3288 424 3350 de
451 3292 533 3353 bello
555 3295 684 3354 Abarioo
710 3313 815 3353 euram
838 3295 1021 3373 smoepisee,
1066 3291 1150 3352 solua
1170 3289 1271 3372 prodit
1391 3305 1395 3320 ¹

161 3371 275 3437 Pisida.

247 3458 324 3525 250.
365 3461 547 3524 eonem-dant
560 3461 766 3544 Theophanes
786 3473 817 3522 et
827 3462 1015 3544 Nicephoms
1035 3483 1104 3523 oum
1119 3467 1270 3524 nostruin

161 3541 289 3604 huiusce
305 3546 381 3606 belli
392 3549 513 3611 Aharioi
533 3548 648 3632 epocha
664 3547 861 3630 dedignanda.
904 3569 1010 3611 omnee
1026 3553 1109 3608 enim
1124 3549 1158 3610 id
1173 3553 1271 3610 eonti-

161 3632 242 3708 gisea
257 3639 406 3693 testentur
419 3654 499 3696 anno
520 3639 560 3700 16
577 3637 720 3696 Heraclii.
763 3635 920 3696 Heraclius
941 3647 1044 3696 eutem
1058 3635 1210 3716 proiectus
1224 3646 1271 3696 ast

160 3717 195 3774 in
206 3717 313 3778 estem
327 3737 407 3780 anno
420 3723 541 3801 imperii
553 3724 602 3783 sui
615 3726 665 3797 12,
686 3741 793 3782 mense
804 3723 912 3782 Martio
924 3719 1091 3782 seeundum
1101 3718 1269 3804 Theopha-

161 3819 244 3878 nem,
266 3801 317 3861 vel
329 3806 428 3887 Aprili
442 3805 610 3868 secundnm
624 3805 794 3868 Chronieon
804 3805 962 3868 Paschale.
1006 3818 1038 3866 et
1053 3807 1170 3867 bellum
1185 3809 1269 3866 Aba·

161 3887 259 3946 rionm
278 3905 386 3962 mense
397 3893 476 3952 Iullo
497 3894 594 3954 tribus
615 3904 686 3973 post
703 3895 792 3954 annis
804 3903 905 3954 aetum
920 3903 984 3954 est:
1005 3896 1107 3975 itaque
1121 3896 1149 3953 si
1163 3913 1181 3951 a
1196 3913 1269 3972 pro-

161 3971 293 4032 iectione
307 3977 440 4036 Heraclii
455 3997 496 4037 ex
509 3979 584 4038 urhe
598 3989 719 4058 tempus
732 3990 888 4058 supputes,
910 3989 990 4038 reete
1006 3977 1121 4039 dixisse
1134 3976 1270 4038 Pisidem

161 4058 315 4204 limes,
345 4065 400 4146 qui
419 4083 516 4126 annos
535 4075 598 4126 tres
617 4067 682 4124 iam
699 4066 840 4145 exegisse
863 4065 1076 4145 imperatorem
1094 4067 1127 4124 in
1143 4059 1268 4123 Perside

159 4161 178 4200 e
260 4164 303 4205 a.

244 4230 320 4296 258.
361 4230 497 4296 hiemem
519 4245 658 4294 urentem
676 4229 886 4317 ὖιιρβολικῶς
907 4232 995 4311 dioit,
1037 4244 1072 4294 ut
1095 4230 1136 4291 ad
1160 4249 1269 4292 eonem

162 4331 258 4396 nsque
268 4313 403 4379 mediam
415 4323 480 4382 sire
490 4318 652 4397 torridam,
682 4339 776 4403 quam
794 4341 835 4382 ex
856 4323 951 4382 nimIo
971 4319 1070 4380 oalore
1081 4315 1269 4390 inhabitabi-
