3000 4850
486 362 687 433 ranstcttn
710 365 919 435 scnoasln
943 368 985 437 ll.
1213 374 1285 446 105

181 531 339 609 coniungit
354 531 592 610 experientiam,
614 550 707 613 aqna
718 530 888 593 medicinae
901 535 986 613 origo
1002 545 1033 595 et
1045 538 1208 618 proiectu.
1250 554 1285 601 αα

181 626 245 677 tota
264 614 390 697 qiidam
409 616 561 675 medicina
580 617 735 699 qnondam
755 638 816 679 nna
838 629 868 678 et
887 620 1020 701 shnplex
1041 634 1169 703 maeret,
1192 643 1284 707 qnam

182 713 287 782 postea
299 704 333 760 in
345 703 448 782 plures
462 700 644 779 divisemnt,
664 724 812 763 mannam
825 707 991 767 ministerio
1008 708 1076 767 aliia
1090 709 1282 772 demandato.

269 790 340 852 198.
383 787 488 847 confer
509 790 723 869 Hippocratem
744 791 782 849 de
798 788 961 863 uleeribna,
983 794 1093 873 quibus
1114 798 1206 875 plane
1230 817 1284 859 on·

182 870 285 932 randis
305 872 380 949 tria,
401 892 479 955 quae
503 894 544 933 ex
562 872 670 935 eodem
688 887 807 936 anctore
826 875 938 935 indicat
951 877 1075 955 Pisida,
1097 876 1285 949 celebrantur

183 958 382 1035 aveteribns,
403 958 544 1018 videlicet
559 963 698 1041 purgatio
716 963 809 1021 sectio
828 972 858 1021 et
876 964 965 1023 ustio.
1008 964 1134 1025 sienim
1151 964 1284 1029 remedia

182 1040 260 1103 nihil
278 1042 472 1129 proficerent,
492 1046 601 1105 ultima
617 1067 686 1126 spes
702 1048 734 1107 in
748 1051 867 1107 ustione
882 1049 980 1127 posita
994 1060 1057 1109 erat
1067 1080 1083 1127 ,·
1098 1062 1131 1111 ut
1144 1064 1228 1133 patet
1243 1072 1284 1113 ex

183 1131 277 1209 ipsius
297 1130 487 1209 Hippocratis
508 1128 708 1211 Aphorismo:
732 1128 828 1197 ὁκόσα
847 1128 892 1211 φά
912 1158 992 1213 μακα
1006 1128 1063 1199 σάν
1075 1134 1176 1217 iprae,
1197 1138 1246 1202 σλδ

183 1238 237 1294 ρος
258 1214 357 1296 λῆται·
379 1208 437 1277 ὅσα
460 1214 583 1298 σίδηρος
606 1210 664 1280 οάκ
687 1216 785 1299 initas,
807 1217 871 1301 πάρ
893 1158 993 1301 laicata·
1016 1214 1074 1285 ὅσα
1100 1218 1133 1285 δὲ
1148 1226 1211 1305 πῦρ
1225 1246 1285 1289 ουκ

184 1301 281 1381 laicas,
298 1304 392 1361 ταῦτα
404 1302 465 1381 χρῆ
476 1303 610 1381 νομίζειν
625 1296 744 1383 άνλητα.

270 1387 341 1450 198.
385 1383 574 1467 φιλοβλαβὴς
596 1381 688 1461 νόσος
716 1387 870 1447 vertebam
897 1387 1132 1449 τ’πλαπιαιιὲιααὲτ
1148 1388 1283 1463 morbae,

185 1490 244 1554 qno
261 1474 397 1529 maxime
415 1472 571 1531 laborabat
590 1476 741 1533 exercitus
758 1474 907 1533 Heraclii:
928 1494 1001 1533 narn
1013 1472 1115 1535 Phnca
1128 1487 1282 1556 regnante,

183 1556 237 1639 qni
259 1554 328 1615 odia
347 1567 378 1616 et
399 1558 504 1617 civiles
522 1557 724 1619 ἀλιταιιείοοεσ
740 1559 880 1633 fovebat,
901 1577 962 1619 nna
976 1578 1054 1641 pene
1069 1572 1132 1620 erat
1144 1563 1284 1621 militaris

184 1640 342 1722 disciplina
356 1639 394 1700 de
408 1642 585 1704 exercendis
604 1643 746 1704 caedibus
761 1656 791 1703 et
805 1647 928 1725 rapinis.
972 1643 1172 1727 φιλοβλάβεια
1191 1649 1284 1727 igitur

182 1737 230 1789 est
249 1729 345 1789 animi
363 1728 481 1805 feritas,
502 1749 598 1811 qnam
619 1732 749 1791 caritatis
767 1726 955 1791 (λλιτὶιτλαιιεο
973 1734 1127 1813 proposito
1139 1732 1282 1813 exemplo

181 1811 297 1875 atndnit
313 1812 437 1875 domm
457 1816 632 1891 lieraolins,
653 1828 687 1877 nt
699 1836 740 1877 ex
754 1835 840 1899 seqq.
853 1817 962 1877 iambi·
975 1817 1009 1877 iit
1019 1818 1232 1895 manifestum,
1253 1826 1283 1877 et

182 1916 225 1959 ex
236 1896 442 1981 Theophane,
463 1904 519 1985 qui
525 1923 563 1981 p.
579 1902 645 1968 256
656 1905 700 1962 ita
715 1904 821 1981 paucis
834 1922 900 1963 rem
913 1900 1063 1963 declarat:
1087 1898 1168 1969 οὗτοι
1181 1900 1216 1967 ὄλ
1227 1926 1284 1967 κα·

182 1985 332 2059 θοπλλσας
345 1984 463 2062 πάντας
475 1983 671 2070 παρήγγειλεν
684 1980 803 2062 ciliniae
816 1980 992 2069 άπλγεσθαι.

264 2072 340 2137 208.
383 2090 458 2153 quos
478 2092 520 2133 ex
542 2076 675 2154 equestri
684 2074 799 2151 ,militia
819 2072 860 2133 ad
879 2070 1086 2155 pabulantium
1106 2072 1157 2153 vel
1172 2068 1211 2131 ad
1226 2090 1282 2131 ex·

180 2152 364 2238 plorandum
390 2160 547 2218 Heraclius
575 2158 788 2239 praemiserat,
817 2178 869 2217 eos
896 2168 1043 2238 tanquam
1062 2166 1219 2217 venatores
1240 2156 1285 2232 εἰς

182 2236 279 2323 άγραν
297 2244 450 2305 immissos
468 2244 557 2303 nobis
576 2254 780 2323 repraesentat
792 2240 912 2319 Pisida3
935 2262 996 2324 qna
1009 2251 1127 2303 retenta
1139 2242 1284 2321 allegoria

181 2326 364 2404 Saracenos,
387 2332 440 2409 qni
458 2330 496 2389 ab
516 2330 667 2410 equitibus
688 2330 768 2407 capti
786 2337 871 2405 aunt,
897 2324 979 2411 qnod
993 2326 1050 2387 feri
1066 2337 1167 2387 canent
1181 2328 1283 2387 annno

181 2431 255 2472 voce
268 2422 299 2472 et
313 2414 397 2491 cnltu
410 2416 558 2495 corporis,
579 2414 661 2474 feras
674 2414 817 2496 appellat.
1291 2458 1292 2464 π

183 2527 192 2544 .
263 2495 340 2564 214.
382 2493 498 2581 ἥμερον
518 2517 573 2579 pro
593 2493 748 2581 ἤμεράτιγς.
791 2518 856 2559 rem
876 2497 1023 2574 breviter,
1041 2491 1097 2558 sed
1116 2497 1218 2558 minus
1235 2495 1284 2558 di-

180 2582 289 2643 stincte
307 2585 351 2644 sic
367 2595 470 2644 narrat
484 2582 691 2665 Theophanes
702 2605 739 2664 p·
758 2586 839 2650 255:
862 2579 1024 2667 γενόμενος
1036 2581 1072 2666 di
1084 2581 1135 2654 izi
1146 2577 1183 2646 ccl
1197 2579 1284 2666 μέρη,

179 2665 345 2750 προτρλγον
363 2673 486 2749 πλῆθος
504 2670 620 2734 λππλιον
642 2663 745 2752 λάθρα
765 2667 919 2734 ἐπιπεσεῖν
939 2669 981 2754 τῷ
998 2669 1117 2749 βασιλεῖ
1128 2669 1285 2732 διενοεῖτο.

182 2753 215 2816 ολ
233 2749 267 2815 di
286 2753 498 2861 upotplpomc
517 2760 574 2820 τοῦ
599 2756 745 2838 βασιλέως
771 2748 891 2831 τοάτοις
915 2747 1154 2836 συναντήσαντος
1176 2747 1231 2818 τάν
1251 2776 1283 2816 τε

181 2836 348 2920 στρατηγόν
365 2843 468 2904 aaran
482 2835 638 2923 δεσμάτην
652 2836 768 2922 ἤγαγον
781 2833 856 2924 πρὸς
870 2832 925 2904 τάν
939 2832 1115 2920 Ἡράκλειον
1134 2835 1187 2905 nol
1209 2831 1283 2900 κοά-

181 2945 253 2999 rone
266 2918 451 3007 τρεψάμενοι
466 2921 597 3002 πολλοάς
613 2920 744 2988 α’νεῖλον.

266 3013 339 3074 218.
382 3013 526 3072 Saraceni
543 3011 593 3071 vel
613 3011 726 3070 Arabes
751 3006 889 3069 Scenitae
909 3005 1013 3066 multis
1027 3009 1090 3066 iam
1103 3015 1171 3063 ante
1185 3003 1283 3064 Hera-

182 3091 276 3153 clinm
297 3099 384 3155 annis
403 3099 592 3158 innotescere
612 3105 786 3176 coeperant,
807 3089 863 3154 sed
883 3087 952 3157 cum
967 3091 1043 3149 circa
1057 3089 1137 3148 haec'
1147 3099 1282 3169 tempora

181 3181 279 3260 tnagis
299 3181 510 3260 inclaruerint,
538 3181 612 3241 hinc
633 3183 739 3262 opinor
760 3181 875 3240 factum
894 3189 930 3237 ut
950 3173 1084 3236 historici
1103 3168 1282 3236 tradiderint

182 3260 234 3323 eos
255 3265 387 3326 Heraclii
411 3288 489 3327 anno
506 3273 545 3333 12
564 3269 697 3350 primum
711 3285 751 3324 ex
764 3265 876 3325 Arabia
887 3266 919 3322 in
934 3265 1138 3322 Romanorum
1151 3261 1281 3319 exitium

182 3352 326 3428 erupisse.
368 3352 517 3436 ἐξῆλθον,
544 3357 586 3412 ait
608 3353 819 3414 Constantinus
843 3345 1031 3430 porphyrog.
1052 3347 1089 3406 de
1102 3342 1278 3410 odmir'ubtr.

181 3435 257 3512 imp·
279 3447 357 3516 part·
374 3442 395 3501 2
418 3460 444 3497 o.
463 3440 518 3514 16,
543 3439 576 3502 ολ
595 3435 772 3520 Σαρακηνολ
791 3436 865 3516 μηνλ
884 3431 1086 3520 ΣεπτεμβρλῳΙ
1101 3435 1148 3513 τρλ
1205 3432 1283 3495 tvta-

181 3523 309 3596 κτιῶνος
321 3518 447 3606 δεκάτης
461 3523 504 3599 εἷς
515 3519 550 3587 τά
564 3524 734 3588 δωδέκατον
749 3521 812 3598 ἔτος
823 3520 1006 3603 Ἡρακλείου.
1039 3530 1080 3608 at
1094 3521 1158 3578 Pisi
1180 3519 1283 3577 acatis

181 3607 338 3685 perspicue
350 3629 406 3668 nos
418 3607 523 3668 edocet
536 3609 652 3670 iamdiu
666 3610 756 3669 esuis
770 3607 879 3670 finibus
893 3620 1028 3686 egressos
1039 3605 1205 3666 Saracenos
1218 3605 1282 3662 llo·¹

181 3692 282 3750 manis
302 3693 397 3752 fnisse
421 3693 611 3756 detrimento.
653 3716 751 3776 nuper
773 3695 858 3754 enim
876 3691 1046 3752 audirimus
1063 3689 1213 3748 dicentem
1229 3685 1282 3752 καλ

181 3773 327 3852 πολλάκις
340 3772 503 3860 βλάψαντα
515 3777 573 3860 τὴν
585 3782 757 3861 παροικλαν.
798 3783 891 3838 invat-
899 3781 990 3836 etiam
1007 3791 1047 3834 ex
1059 3773 1169 3835 eodem
1180 3771 1282 3834 Pisida

181 3861 341 3922 observare
354 3885 512 3945 perperam
526 3867 708 3941 Saracenos,
731 3867 785 3950 qui
798 3886 838 3924 ex
851 3865 977 3938 Arabia,
1000 3863 1206 3936 crnn'anoia,
1229 3861 1281 3939 qui

183 3965 224 4004 ex
235 3947 360 4029 Scythia
371 3952 498 4031 proiecti
510 3963 596 4030 srmt,
618 3973 636 4011 a
692 3951 831 4012 ‘busdam
842 3947 996 4010 confimdi.
1025 3947 1176 4006 nondum
1189 3945 1281 4018 enirm·

184 4051 254 4091 oum
273 4038 408 4115 primum
427 4040 585 4098 Heraclius
605 3973 788 4098 adhinnire
805 4038 893 4117 pylas
907 4037 990 4095 venit
1002 4031 1195 4092 dimicaturus
1212 4042 1281 4085 cnm

158 4117 164 4124 ’
181 4114 328 4198 chosroe,
349 4121 469 4183 ancae
482 4143 553 4183 cam
565 4125 722 4184 &moenis
734 4121 1004 4196 somniatorem
1024 4117 1108 4201 qnod
1121 4135 1194 4175 sana
1209 4133 1282 4171 eon-

181 4205 268 4283 tigit,
289 4217 453 4290 postqum
474 4208 559 4270 idem
579 4211 737 4269 Heracliae
755 4211 925 4268 Taenarum
936 4225 997 4286 ope
1014 4203 1134 4263 bdintns
1149 4195 1281 4266 secundo

181 4287 266 4351 hollo
276 4291 444 4355 chosroam
458 4297 638 4376 prnliigavit.
681 4306 753 4354 tunc
767 4295 849 4353 enim
864 4295 983 4352 Τιεεοαα
996 4277 1155 4348 ahaim
1164 4285 1240 4380 facti
1252 4292 1283 4341 at

185 4378 246 4436 suis
268 4379 358 4440 rebus
368 4379 504 4444 ⁴fidenates
521 4383 601 4442 nitra
614 4383 769 4465 pervagati
778 4382 813 4440 in
826 4381 947 4461 Syriam
962 4395 1058 4457 usqu
1071 4379 1282 4453 percontanti
