3000 4850
416 311 675 382 DESCRIPTIO
700 310 736 382 S.
760 309 954 382 sotmsn
1188 311 1239 384 77

144 478 290 569 medicos
309 480 394 540 enim
409 483 467 562 τῆς
482 475 614 564 μιγιίίης
630 476 791 560 kanciae
806 477 916 540 dicitnr
931 475 1114 560 Tbeopbnni
1131 491 1160 540 et
1178 483 1237 541 Ce-

145 573 225 632 dreno
246 571 375 644 atrium,
397 567 480 649 quod
502 560 580 646 ον’ίή
599 568 707 626 ceteris
725 566 930 645 scriptoribus.
974 566 1072 627 Gloss.
1095 569 1162 626 Lat.
1185 570 1237 626 Ga.

143 660 242 716 cuium
256 647 428 737 μιοαιίίιον.
469 653 616 713 Paulinus
630 653 700 712 Nat.
716 653 759 716 10
773 649 812 710 de
826 653 917 712 variis
933 650 1082 712 eiusmodi
1094 654 1238 712 atriorum

145 742 278 802 aditibus:

291 821 426 882 basilicis
436 820 512 880 boec
523 821 628 880 iuncta
641 819 738 879 tribua
747 830 834 900 potet
844 841 918 879 areo
928 823 1060 893 mab,

292 911 484 988 diversosque
495 907 599 966 adico
615 927 650 964 es
662 926 723 965 uno
733 906 849 984 pandit
864 907 910 965 orl
923 927 1038 980 omnes,

291 1007 384 1075 atque
399 993 502 1052 ι’λὰίοπι
515 993 631 1072 gremio
647 991 779 1050 diversos
790 993 901 1070 excepit
913 1013 975 1052 ιιιιο

292 1103 314 1140 α
329 1078 427 1138 tribus
439 1099 583 1160 egressos,
604 1077 701 1136 medab
716 1078 850 1155 spatiosa
862 1079 984 1156 pavito.

143 1165 291 1245 Procopius
311 1168 405 1246 igitur
428 1168 446 1230 1
468 1165 489 1229 4
511 1162 549 1224 de
571 1160 647 1222 seda
670 1165 727 1223 SS.
741 1163 843 1242 Sergii
859 1173 889 1222 at
906 1159 1038 1222 Bacchi:
1060 1158 1111 1226 tut
1128 1163 1236 1240 κοινῆς
1252 1165 1276 1218 P
1290 1165 1342 1224 sat

143 1247 173 1314 di
189 1245 358 1330 προπύλαια
379 1243 496 1325 πάντα,
518 1245 541 1330 ἥ
558 1271 590 1312 τι
605 1242 684 1329 odie}
701 1246 754 1310 καί
770 1247 915 1329 pisculos
926 1241 1043 1330 θύραι,
1064 1258 1095 1305 et
1115 1247 1136 1314 5
1156 1250 1177 1311 6
1197 1245 1237 1305 de

143 1337 244 1416 templo
258 1337 548 1415 Hierosolymitano:
570 1330 669 1416 θιίραι
687 1331 829 1414 picentes
842 1334 1032 1415 ἱεροπρεπεῖς
1047 1327 1145 1406 οὕτως
1161 1327 1237 1395 ὥστε

143 1417 284 1502 μηνύουσι
301 1429 366 1496 τοῖς
386 1421 444 1484 ioco
468 1421 570 1484 ίοῦσιν
593 1417 692 1502 ὅποίῳ
706 1415 779 1482 nord
792 1411 926 1499 θιᾶματι
940 1418 1072 1501 ἐντυχεῖν
1086 1417 1237 1498 μέλλουσι.

142 1527 208 1566 rnox
221 1505 338 1567 subdit:
358 1501 533 1586 repondisse
552 1503 585 1568 dd
603 1500 637 1568 sd
656 1503 783 1569 ίνθίνδι
795 1501 954 1584 θαυμάσιοι
969 1499 1037 1580 οἷα,
1059 1505 1112 1567 καί
1126 1527 1171 1577 τις
1184 1503 1235 1566 tut

143 1587 245 1654 radens
260 1595 348 1656 dcciv
362 1589 547 1671 ἐπαιρομίνη
563 1584 640 1668 α’ψὶς
655 1590 686 1664 ἐς
702 1587 822 1669 ἄφατον
836 1586 929 1666 ὕψος.
972 1591 1135 1672 exquibus
1153 1598 1236 1668 petet

143 1677 216 1736 alind
232 1699 296 1738 esse
313 1670 411 1756 αιίίήν
426 1675 509 1736 aliud
521 1671 724 1756 noondiasov:
748 1677 819 1734 aula
833 1678 916 1734 enim
929 1674 1037 1735 dicitnr
1050 1679 1160 1734 atrium
1174 1677 1235 1732 im·

141 1765 268 1844 pluvium
287 1763 452 1843 porticibus
473 1760 707 1836 circumdatum,
728 1762 926 1841 propylaenm
942 1781 1011 1821 vero
1025 1762 1109 1820 frons
1128 1780 1163 1818 ac
1180 1780 1236 1818 ve-

143 1849 275 1908 stibulum
290 1850 398 1928 templi
410 1849 484 1923 fuit,
504 1846 587 1930 quod
600 1845 820 1926 προιεμίνιορια
832 1858 918 1906 vocat
932 1849 1065 1906 Zonaras
1076 1849 1110 1904 in
1122 1848 1236 1908 camfifi

143 1935 331 2009 'l'rnilanum‚
352 1944 387 1994 ut
402 1944 432 1993 et
446 1931 593 2013 Agathias
608 1933 661 1992 lib.
676 1933 714 2006 ὀ,
737 1943 768 1991 et
781 1930 907 1992 Photins
920 1935 953 1990 in
968 1931 1167 2010 descriptione
1178 1951 1236 1988 no-

142 2039 191 2078 rae
207 2022 347 2082 ecclesiae
362 2021 506 2078 aanilio
518 2016 683 2078 Macedone
695 2027 865 2077 exstructae
880 2020 914 2076 in
928 2019 1056 2096 palatio,
1078 2017 1131 2075 nbi
1149 2019 1237 2074 istius

143 2103 216 2164 sedis
235 2106 432 2189 προπυλαίων
453 2106 635 2183 elegantiam
651 2102 808 2179 describit,
830 2113 864 2162 nt
881 2102 965 2162 aedis
981 2104 1127 2184 Tyrensis
1139 2103 1239 2160 Euse-

143 2190 202 2250 bins
220 2193 260 2256 10
280 2191 311 2254 4.
356 2191 455 2252 Gloss.
471 2191 523 2250 Gr.
541 2209 588 2249 ms
604 2189 729 2248 exbibl.
744 2191 820 2269 Reg.
834 2191 1092 2270 προτεμινίοριαυα
1111 2183 1239 2270 espond-

142 2279 212 2340 ίοιυ.
252 2278 302 2338 vel
323 2277 416 2336 etiam
435 2276 634 2356 propylaeum
646 2277 705 2334 fuit
717 2275 770 2334 ille
784 2275 910 2335 forsitan
925 2295 1011 2335 arcus
1026 2293 1082 2334 seu
1099 2274 1238 2332 excelsus

142 2362 250 2440 fornix,
275 2361 313 2422 de
328 2381 388 2444 qno
399 2363 562 2442 Procopius
578 2362 644 2422 loco
660 2363 801 2441 proxime
813 2359 955 2437 laudato,
973 2379 1064 2443 quem
1080 2378 1166 2418 arcus
1179 2377 1239 2418 no·

143 2452 214 2509 mins
236 2448 329 2508 donat
345 2452 407 2507 Leo
425 2451 572 2510 Ostiensis
592 2452 611 2512 8
633 2451 694 2511 27:
716 2448 898 2507 vestibulum
916 2459 1018 2506 unum
1032 2446 1172 2506 ecclessiae
1184 2466 1239 2503 sue

139 2554 221 2611 perne
242 2535 364 2615 qnidam
380 2534 462 2614 secie
479 2537 595 2593 musivo
607 2532 816 2612 pulcherrimo
838 2554 909 2593 cum
928 2532 1061 2591 mondus
1083 2532 1219 2590 decorari
1224 2552 1238 2603 ;

144 2631 170 2678 et
183 2621 275 2681 infra:
297 2640 390 2679 arona
406 2620 536 2679 undam
557 2616 698 2679 vestibuli
711 2619 824 2699 defletis
843 2620 960 2678 musivo
973 2619 1171 2677 nihilominus
1187 2636 1238 2673 ve-

143 2708 232 2764 stiens.
277 2709 321 2767 sic
333 2726 394 2765 non
407 2706 501 2765 semel
516 2706 702 2765 Anastasius.
744 2708 788 2764 ite
807 2725 897 2784 porro
912 2698 1013 2783 οἷψῖδα
1026 2707 1238 2783 iuterpretatur

144 2792 265 2851 Zonmm
285 2794 318 2850 in
339 2810 446 2849 canon.
466 2790 507 2855 46
526 2792 632 2850 concii.
654 2788 815 2870 Carthag.=
834 2785 871 2853 ro*
891 2786 951 2872 ydp
968 2785 1030 2871 scpd
1047 2794 1103 2866 τῆς
1122 2783 1238 2866 ἁψῖδος

144 2872 195 2957 sod
207 2882 261 2939 τοῦ
271 2878 464 2955 προπυλαίου
476 2876 566 2939 ἐστίν.
609 2875 691 2935 unde
703 2879 816 2935 cumin
829 2874 945 2955 synodo
957 2894 996 2933 ιιι
1009 2872 1237 2951 Carthaginensi

146 2980 201 3019 can.
214 2967 252 3026 28
267 2973 405 3036 cavetur,
428 2971 461 3021 nt
474 2963 528 3037 iis,
551 2982 679 3043 qnorum
694 2963 820 3019 crimina
832 2962 954 3039 publica
966 2971 1051 3035 sunt,
1072 2970 1143 3017 ante
1153 2956 1239 3015 abab·

146 3045 202 3104 dens
220 3067 328 3107 manus
349 3050 536 3126 imponatur,
558 3045 592 3106 id
609 3046 728 3105 videtur
743 3043 975 3124 intelligendum
992 3044 1031 3103 de
1048 3042 1152 3102 abside
1164 3062 1237 3101 nar-

146 3128 245 3207 tbecis,
272 3134 326 3191 nbi
349 3133 550 3191 consistebant
573 3136 779 3211 paenitentes,
810 3150 873 3190 non
901 3149 972 3190 vero
996 3128 1034 3187 ds
1056 3127 1161 3188 absida
1181 3148 1237 3187 sen

148 3216 246 3277 concha
269 3220 390 3293 altaris,
413 3216 452 3276 de
476 3236 536 3299 qua
559 3237 683 3297 egemus
705 3221 738 3275 in
757 3215 970 3297 sequentibns3
1001 3235 1093 3297 quem
1112 3212 1239 3294 quidem

147 3320 279 3363 mnonem
290 3302 416 3362 laudant
428 3304 612 3383 capitularia
626 3304 725 3363 Caroli
737 3304 841 3382 Magni
852 3301 906 3361 lib.
918 3301 939 3364 b
951 3320 978 3360 ο.
991 3301 1033 3367 68
1049 3311 1079 3360 et
1090 3302 1239 3359 Hincma-

146 3406 187 3445 rus
198 3390 353 3449 bernensis
368 3386 406 3448 de
420 3390 519 3449 Gestis
534 3384 644 3449 habitis
662 3410 716 3469 pro
734 3388 862 3447 divortio
882 3384 1105 3466 Tbietbergae3
1127 3388 1239 3466 quibus

147 3470 324 3553 adiungenda
341 3485 412 3534 sunt
430 3494 507 3557 quae
522 3472 615 3533 babet
629 3473 865 3552 chrodegangus
878 3474 1022 3532 Metensis
1035 3475 1193 3553 episcopus
1206 3474 1239 3529 in

146 3558 246 3637 Regula
270 3580 377 3619 canon.
395 3581 421 3619 c.
436 3562 489 3625 30.
533 3559 615 3641 quod
637 3580 708 3619 vero
729 3558 813 3618 abab
831 3556 881 3619 bis
902 3559 1097 3639 scriptoribus
1118 3556 1238 3634 dicitur,

145 3663 235 3703 noum
250 3657 338 3706 vocnt
350 3646 497 3705 Paulinus
512 3649 598 3727 epist.
619 3649 675 3710 12:

145 3810 208 3873 mm
293 3730 379 3791 alma
393 3732 499 3791 domus
512 3731 627 3811 ινίρίὶοί
632 3740 723 3810 potet
732 3726 971 3808 ingredientibus
981 3748 1069 3788 arcu.

293 3902 465 3979 tergeminis
476 3904 790 3981 geminoepctuernnt
801 3898 934 3957 vcubua
945 3896 1048 3959 anlon.

148 3992 271 4058 quattuor
286 3982 416 4067 deniqne
430 3988 594 4067 porticibus
609 3987 718 4045 ambiri
732 3988 842 4044 atrium
857 3982 1051 4065 Sopbicnnm
1067 3982 1171 4043 scribit
1186 3980 1239 4041 Si-

147 4064 296 4145 tertiarius,
310 4070 569 4151 quemadmodum
582 4071 665 4131 aedis
680 4074 757 4151 'l'yri
769 4073 879 4130 atrium
893 4070 1042 4129 Eusebius
1051 4072 1129 4127 Hist.
1140 4070 1178 4129 10
1200 4065 1238 4127 4:

146 4146 238 4217 criseis
248 4150 381 4236 προίτιον
395 4153 524 4222 εἰσόδων
535 4157 669 4241 τέτταρσι
684 4154 740 4237 μὲν
754 4155 840 4238 πέριξ
853 4156 1022 4239 ίγιιαροίοις
1035 4147 1240 4227 κατεκόσμησε

148 4245 248 4317 στοαῖς,
270 4240 314 4315 είς
335 4238 524 4325 τετράγωνον
545 4240 735 4324 περιφράξας
751 4238 803 4305 cdv
818 4237 913 4305 τόπον
928 4241 1028 4303 κίοσιν
1042 4228 1239 4313 πανταχόθεν

147 4317 350 4409 &saepiam
391 4332 519 4408 Latinis,
541 4331 587 4389 uti
598 4349 674 4391 mox
684 4330 783 4407 mnus,
804 4324 954 4388 eiusmodi
964 4325 1123 4405 impluvia,
1144 4330 1236 4401 quat·
