3000 4850
224 355 296 428 106
469 351 683 438 Qumtcms
707 351 755 419 ΙΝ
778 351 1084 420 EXPEDITIONIS

221 534 253 582 et
277 521 436 584 Saracenia
464 519 502 582 ab
531 519 672 579 Heraclio
700 515 829 578 divulaia
848 526 879 577 et
898 519 930 578 in
948 517 1041 576 tidem
1060 518 1206 598 acceptia,
1235 517 1327 577 simul

222 629 328 668 omnea
349 605 524 666 blobameto
547 603 623 665 doce
644 608 850 684 conspirantea
869 605 977 664 Atiam
990 613 1021 663 et
1032 605 1168 664 Africam
1182 623 1262 684 pene
1277 614 1326 663 to-

221 705 285 754 tam
300 695 442 754 maximia
458 690 679 750 calamitatibus
693 691 880 750 afflixerunt.
924 687 995 750 vide
1007 708 1099 770 aupra
1111 711 1143 750 v.
1157 693 1211 754 10.

305 815 379 878 220.
422 819 501 869 recte
522 807 740 870 Saracenorum
760 819 900 868 namnam
918 810 1054 888 attingit,
1076 812 1130 891 qui
1152 809 1325 889 populatio-

222 898 311 959 nibus
332 897 440 957 intenti
462 905 494 953 et
515 891 676 980 λῃστρικόν
693 899 774 955 vitae
793 915 889 974 geum
907 892 1050 954 ducentae
1070 913 1132 956 non
1146 915 1188 954 ex
1202 895 1325 954 militari

223 979 382 1062 disciplina
405 978 525 1040 boetem
548 979 689 1058 aggredi,
717 979 772 1040 aad
788 983 941 1040 latronum
957 981 1053 1039 inatar
1065 981 1237 1040 clanculum
1250 983 1325 1039 tee-

218 1089 306 1148 pere,
329 1076 358 1126 et
369 1064 501 1148 praeda,
522 1066 683 1142 alliceret,
705 1067 786 1126 lacta
802 1086 836 1126 ae
851 1069 984 1144 recipere
999 1077 1228 1126 consueverunt.
1262 1067 1325 1123 Bo·

220 1153 341 1214 chartus
359 1155 392 1212 in
413 1149 602 1246 Pmtegottt.
619 1155 640 1214 2
655 1173 682 1210 ο.
699 1155 719 1216 2
738 1153 903 1212 Saracenoa
921 1171 939 1210 a
958 1152 1123 1211 latrociniis
1142 1172 1209 1212 eaae
1230 1149 1324 1210 diuo·

221 1239 390 1318 contendit,
412 1247 483 1326 quia
497 1225 597 1349 dyc
613 1243 732 1304 Saraka
747 1244 875 1304 Arabice
891 1254 936 1304 eat
949 1243 1136 1304 latrocinati.

304 1353 379 1413 222.
422 1351 455 1408 in
464 1372 565 1428 poem.
583 1353 620 1412 de
633 1349 841 1418 Ramnete
863 1349 905 1416 58
926 1351 969 1408 ita
990 1346 1029 1409 de
1050 1347 1188 1408 diabolot
1209 1342 1324 1426 κλίνας
1384 1333 1391 1347 '
1485 1446 1486 1453 ρ

219 1431 252 1500 ati
267 1437 388 1516 πρῶτον
402 1430 547 1516 μειζόνως
562 1430 742 1516 α’ντεκλάπη.

218 1533 461 1702 Thumna&
477 1540 637 1600 clementia
652 1539 786 1611 Heraclii
799 1539 832 1596 in
848 1536 957 1598 ducem
969 1537 1190 1599 Saracenorum
1199 1533 1280 1596 nibil
1288 1535 1322 1594 in

304 1727 378 1790 288.
421 1726 521 1786 innuit
537 1727 721 1808 benignitate
739 1727 872 1786 Heraclii
891 1727 1006 1785 factum
1020 1735 1056 1786 ut
1070 1725 1182 1807 aliquia
1195 1725 1322 1785 Samae-

220 1829 329 1870 norum
344 1807 410 1869 dux
425 1814 454 1870 ei
469 1831 502 1872 ae
515 1811 708 1892 adiungeret;
732 1812 815 1894 quod
829 1811 949 1872 videtur
964 1811 1138 1871 continuare
1156 1806 1322 1888 Theopha-

220 1915 274 1954 nea
285 1917 321 1974 p·
337 1897 418 1970 257,
441 1895 545 1958 dicem
559 1898 706 1980 quosdam
721 1901 887 1960 Saracenos
900 1897 941 1957 ad
952 1900 1104 1956 Gazacum
1115 1897 1171 1958 aub
1182 1897 1322 1955 HeraclIo

219 1982 383 2042 militantes
400 1979 565 2043 Gboaroam
580 1985 716 2064 fregisse.

300 2082 375 2146 att.
419 2103 489 2142 cum
502 2087 642 2168 utrinque
656 2087 754 2166 parati
766 2095 866 2146 eaaent
879 2084 918 2145 ad
929 2105 1075 2166 pugnam,
1096 2088 1207 2146 Pet-aaa
1218 2086 1322 2144 lunam

218 2179 248 2228 et
265 2169 378 2240 aulem,
400 2169 530 2228 Romani
545 2169 637 2232 deum
652 2171 789 2232 adorant.
832 2192 872 2229 ex
884 2174 1010 2232 militari
1025 2171 1183 2252 disciplina
1198 2171 1322 2244 militat,

217 2263 382 2334 antequam
402 2251 596 2328 dimicarent,
628 2261 721 2315 aacria
745 2256 956 2335 operabantur.
999 2258 1070 2317 vide
1089 2260 1225 2317 Leonem
1245 2259 1321 2334 imp.

217 2359 245 2396 o.
263 2337 318 2402 142
341 2337 378 2396 da
394 2339 445 2408 ite,
468 2358 547 2418 quae
567 2339 617 2398 dte
639 2339 712 2398 betti
731 2342 854 2421 agenda
874 2353 956 2401 aeaut.
1002 2341 1090 2425 ἔργον
1111 2337 1253 2426 ὄργᾶνων
1269 2339 1322 2402 itui

216 2416 384 2507 applicitae
404 2421 488 2483 idem
507 2444 542 2483 ac
564 2419 679 2507 ὄργανα
696 2426 748 2489 καὶ
762 2421 913 2507 κύμβαλα.
955 2426 1258 2488 animadvertendum
1271 2424 1323 2485 bic

217 2518 248 2567 et
266 2506 340 2567 alibi
356 2505 437 2587 apud
450 2507 586 2569 Pisidam
601 2512 739 2590 cymbala
751 2523 782 2570 et
793 2521 938 2592 tympana
953 2516 1037 2571 raiici
1049 2523 1196 2594 tanquam
1208 2516 1322 2571 instru-

215 2604 319 2652 menta
331 2594 469 2672 prolana.
510 2614 602 2677 quare
617 2616 687 2657 cum
699 2601 732 2656 in
748 2596 919 2657 delinienda
934 2599 1044 2657 talium
1053 2602 1322 2657 instrumentorum

213 2681 312 2739 sonna
333 2688 364 2737 et
383 2678 555 2739 ditet-citata
572 2678 743 2763 discrepent
757 2682 885 2760 eruditi,
908 2682 1051 2743 standum
1060 2681 1112 2742 hic
1126 2686 1249 2743 omniuo
1264 2702 1321 2740 au-

214 2766 344 2825 ctoritati
357 2763 487 2842 Satidae,
511 2770 619 2849 quiite
636 2772 757 2845 atatuit,
779 2765 919 2850 κύμβαλα
933 2765 1085 2849 abactae
1099 2770 1237 2851 παίγνια.

298 2865 373 2931 242.
418 2866 458 2926 ad
471 2870 697 2947 spurcissimam
710 2873 872 2929 penarum
884 2870 1043 2930 libidinem
1057 2868 1321 2931 demonstrandam
1343 2941 1348 2948 ἡ

214 2963 351 3013 veterum
376 2957 548 3013 testimonia
577 2954 711 3037 undique
731 2957 855 3035 collegit
870 2958 1042 3016 Briaaoniua
1060 2958 1098 3015 da
1117 2977 1211 3037 regam
1230 2958 1317 3017 Pera.

214 3036 269 3097 lib.
294 3042 369 3117 21³·
391 3042 464 3105 298.
508 3059 618 3121 nempe
639 3042 686 3101 illi
705 3045 792 3123 quasi
809 3042 996 3102 mulierculis
1019 3062 1120 3101 carere
1143 3044 1322 3123 neutiquam

213 3133 358 3203 poaaent,
387 3145 438 3183 aaa
458 3144 520 3183 non
537 3124 630 3185 modo
651 3125 690 3186 ad
712 3126 882 3186 canendum
904 3130 938 3186 in
959 3130 1106 3187 conviviis
1126 3124 1321 3203 adhibebant,

213 3228 321 3268 verum
344 3212 436 3268 etiam
455 3212 488 3268 in
509 3210 689 3272 militaribus
712 3212 956 3293 expeditionibua
976 3211 1173 3273 deducebant.
1217 3232 1322 3273 aarum

215 3304 317 3352 autem
338 3298 421 3353 varia
444 3307 530 3355 eraut
548 3300 668 3374 munia,
691 3297 746 3358 aed
762 3302 864 3358 omnia
880 3300 991 3379 turpia.
1035 3299 1225 3359 celebrantur
1239 3301 1321 3358 euim

215 3382 416 3463 μουσουργοί,
441 3373 634 3466 αὐλητρίδες,
655 3377 817 3464 ψάλτριαι,
838 3386 1059 3465 κιθαρίστριαν,
1081 3381 1204 3470 ρίδικαί,
1226 3378 1321 3463 ὄρχη-

216 3466 351 3543 capsael,
380 3462 417 3523 de
444 3468 552 3546 quibua
574 3470 662 3549 plura
682 3473 715 3527 in
735 3468 859 3529 laudato
881 3472 1048 3530 Briaeonio.
1098 3467 1139 3529 ad
1160 3490 1225 3530 aem
1243 3467 1321 3530 illud

215 3558 334 3608 tantum
354 3549 481 3628 addam,
504 3554 587 3634 quod
607 3574 648 3613 ex
665 3556 876 3615 Parmenionis
897 3554 937 3614 ad
957 3553 1170 3616 Alexandrum
1193 3558 1320 3637 epiatola

216 3634 307 3693 refert
324 3633 514 3713 Athamana,
536 3642 616 3699 iuter
635 3640 855 3720 impedimenta
875 3642 959 3699 Darii
979 3651 1111 3723 repertae
1125 3662 1192 3701 eaae
1206 3647 1321 3709 mita-

214 3720 303 3794 νίδας
317 3720 527 3807 μουσουργοΰς
538 3730 595 3789 τοῦ
607 3727 753 3807 bucellae
763 3728 937 3809 τριακοσίας
950 3726 1046 3792 είκααι
1058 3724 1155 3791 lavia.

221 3848 225 3895 ;
301 3821 375 3887 246.
418 3844 530 3904 organa
543 3830 675 3905 musica,
696 3830 807 3910 quibua
818 3830 946 3889 canebat
959 3830 1132 3906 Heracliae,
1154 3838 1239 3889 erant
1251 3828 1320 3909 puri

131 3960 136 3965 .
214 3906 478 4057 qaeeqteilqoall'pchu.
509 3910 621 3975 videtu
633 3914 834 3994 pentachordi
845 3914 1079 3997 deacriptiouam
1091 3918 1125 3973 iu
1137 3914 1197 3975 fine
1212 3916 1316 3973 Pom.

301 4096 376 4162 249.
418 4097 542 4175 lunam,
562 4112 682 4181 praeter
700 4104 814 4179 aolem,
836 4104 964 4165 aoluiaaa
982 4107 1092 4165 Peraea
1109 4100 1320 4163 coenavimus

217 4199 309 4263 cupra
320 4181 452 4245 Aecae.
471 4186 490 4247 1
512 4188 565 4249 82.
608 4197 639 4245 at
652 4186 703 4248 bic
714 4189 818 4250 Piaida
830 4188 870 4249 de
883 4191 956 4250 luna
968 4202 1088 4251 tantum
1103 4189 1177 4249 facit
1187 4190 1320 4249 mantio·

217 4282 306 4342 nem,
328 4279 362 4327 ut
385 4270 444 4329 aibi
464 4272 547 4331 viam
570 4273 785 4335 sternutatio
799 4274 934 4357 quodda
951 4278 1057 4357 eclipai
1070 4276 1171 4335 lunari
1186 4273 1320 4335 diuturna

218 4360 266 4411 aat
277 4352 310 4413 iu
324 4352 384 4413 tine
399 4352 524 4418 buimce
539 4359 702 4422 Acmaaeca
717 4370 747 4421 et
759 4364 794 4421 in
806 4363 956 4443 principio
969 4362 1134 4444 aequantia.
