3000 4850
432 334 489 402 AD
513 334 795 403 NICEPHORUM
816 334 970 404 NOTAE.
1201 340 1250 415 91

150 500 266 585 primus
287 496 423 580 signator
440 518 547 563 annus.
590 497 673 583 quod
687 500 811 581 insuper
825 520 867 560 ax
882 497 1148 566 decemnovennali
1165 508 1252 589 cyclo

151 599 182 649 et
202 585 352 646 dominica
374 587 525 669 paschalis
546 586 596 647 die
615 588 697 645 illius
717 589 791 645 anni
806 588 966 667 probatur,
991 608 1083 669 qoam
1097 593 1129 649 in
1144 614 1252 653 axem-

150 675 237 753 plum
248 670 384 733 methodi
397 694 470 734 snae
481 672 565 733 idem
576 670 772 739 Cassiodorus
782 670 885 748 affert,
908 676 962 754 qui
975 684 1020 732 est
1031 692 1128 734 annno
1139 674 1251 738 Christi

149 760 224 825 562.
253 756 335 816 hunc
347 763 429 817 enim
443 778 556 819 annum
567 757 780 817 duodecimum
792 769 931 817 nument
943 762 1018 838 cyoii
1030 758 1251 821 decemnoven-

149 844 243 917 nalis,
266 862 326 925 quo
340 842 451 925 pascha
464 844 606 905 incidisse
620 843 724 902 scribit
736 844 769 901 in
783 841 865 901 diam
878 863 994 903 nonum
1005 846 1129 923 Aprilis.
1172 867 1252 927 quae

150 948 255 988 omnes
276 939 366 989 notae
390 930 542 989 confluunt
563 932 596 988 iu
618 946 732 987 annum
746 925 860 989 Christi
874 927 955 1004 562,
976 932 1030 1010 qtai
1044 930 1162 1009 cyclum
1177 934 1251 993 solis

149 1010 319 1089 habuisti,
344 1016 499 1089 lunae12‚
522 1014 718 1074 Indictionem
736 1018 784 1077 10.
815 1014 902 1073 litera
916 1012 1105 1074 dominicalis
1116 1018 1153 1091 A,
1174 1036 1250 1075 neo-

148 1102 249 1157 menia
262 1098 412 1177 paschaiis
425 1102 525 1158 Martii
538 1104 594 1173 22,
616 1096 854 1180 quartadecima,
873 1102 987 1180 Aprilis
999 1099 1036 1177 1,
1060 1100 1137 1161 ferio
1150 1104 1250 1161 tertia.

149 1202 221 1265 ergo
234 1186 346 1263 Aprilis
360 1206 440 1245 nono
454 1184 604 1245 dominica
616 1182 768 1265 paschalis
781 1185 850 1244 fnit.

233 1271 328 1347 Igitur
345 1274 372 1330 si
390 1290 489 1331 mnus
503 1288 589 1329 aerae
610 1266 797 1329 Christianae
817 1270 1076 1351 quingentesimus
1092 1271 1251 1350 sexagesi-

147 1372 218 1413 mus
230 1354 397 1431 sammdas,
416 1355 570 1437 praeditus
583 1356 642 1415 tuit
656 1356 740 1434 cyclo
755 1354 829 1415 solis
843 1356 900 1430 11,
921 1356 1013 1414 lunae
1028 1360 1083 1431 ta,
1104 1355 1251 1415 Indictio·

148 1440 271 1515 nisio,
294 1451 324 1499 et
344 1443 460 1522 primus
484 1460 631 1500 annorum
656 1438 768 1500 Christi
787 1449 909 1500 notator
925 1442 1009 1521 cyclo
1028 1442 1102 1500 solis
1121 1440 1250 1517 decimo,

149 1525 240 1583 ionae
260 1524 408 1603 secundo,
430 1525 606 1587 indictionis
631 1536 754 1606 quarto,
776 1535 807 1585 st
829 1528 883 1606 qni
901 1522 982 1584 hunc
1000 1529 1140 1605 proxime
1159 1547 1250 1607 prae·

149 1612 254 1684 cessit,
287 1613 387 1694 cyclos
409 1610 516 1672 habuit
537 1612 609 1672 solis
633 1628 763 1689 nonum,
789 1611 883 1671 lunae
901 1613 1049 1691 primurn,
1076 1610 1252 1673 Indictionia

147 1696 281 1754 tertium.

233 1782 311 1840 Cum
333 1791 434 1841 autem
455 1791 571 1842 veteres
592 1782 789 1861 computistae
809 1800 904 1841 annos
924 1778 1036 1843 Christi
1054 1782 1093 1839 ab
1109 1782 1250 1841 iucarna-

147 1864 232 1925 tione
255 1877 463 1943 numerarent,
487 1886 614 1949 eamque
637 1868 806 1926 conferrent
825 1868 859 1925 in
879 1868 1012 1946 primum
1030 1886 1144 1925 annum
1161 1885 1251 1926 aerae
1267 1864 1290 1920 P
1305 1864 1341 1923 52

148 1948 352 2028 Christianae,
372 1950 467 2011 iidem
487 1954 620 2011 natalem
640 1949 751 2011 Christi
769 1962 838 2030 post
855 1970 977 2012 menses
998 1962 1121 2012 exactos
1139 1972 1251 2011 novem

148 2036 338 2114 imputabant
354 2036 454 2097 eidem
470 2056 548 2096 anuo
567 2036 732 2111 detinenti,
764 2038 939 2097 Decembris
957 2040 1102 2097 vicesimo
1123 2040 1250 2118 quinto,

147 2131 184 2181 ut
194 2124 358 2182 incarnatio
371 2125 402 2180 in
419 2121 550 2182 eundem
564 2140 633 2181 cum
646 2123 740 2181 natali
754 2124 906 2182 lulianum
918 2141 1031 2181 annom
1046 2120 1176 2181 cadent.
1219 2133 1252 2182 at

146 2217 252 2286 postea
269 2210 378 2267 natalis
393 2204 503 2267 Christi
517 2208 680 2267 translatus
694 2217 740 2267 est
755 2209 789 2265 in
802 2228 916 2266 annum
932 2207 1174 2283 antecedentem,
1196 2210 1251 2289 qui

146 2294 287 2371 proxime
300 2290 500 2352 Christianam
512 2295 673 2371 praecessit
687 2310 804 2367 aeram,
825 2296 869 2351 ita
881 2304 915 2353 ut
928 2296 1000 2352 enni
1014 2292 1126 2353 Christi
1138 2294 1176 2352 ab
1191 2312 1251 2351 na-

147 2377 204 2436 tali
224 2376 372 2460 proficisci
396 2380 563 2460 coeperint,
590 2380 662 2462 quia
681 2380 798 2462 primae
819 2390 925 2441 octavo
950 2378 1000 2440 dia
1023 2390 1093 2461 post
1116 2380 1252 2439 natalem

145 2464 226 2522 iniit.

232 2550 298 2606 iam
317 2566 389 2608 rem
408 2546 490 2630 quod
511 2547 550 2608 ad
568 2545 770 2609 Indictionem
789 2559 919 2630 spectat,
942 2571 979 2611 eo
997 2569 1037 2610 ex
1051 2551 1251 2611 Orientalium

145 2633 283 2692 instituto
299 2634 335 2692 ab
349 2635 520 2714 Septembri
532 2654 636 2694 meuse
650 2638 749 2715 coepit
765 2635 941 2711 exordiam3
963 2647 995 2695 et
1010 2639 1064 2718 qui
1081 2634 1140 2695 hoc
1154 2637 1252 2695 secuti

145 2729 232 2794 sunt,
255 2729 394 2800 quattuor
405 2729 474 2778 anta
486 2722 641 2781 mensibus
652 2719 852 2780 Indictionem
865 2733 971 2801 putare
983 2731 1147 2802 coeperunt
1157 2739 1250 2801 quam

146 2806 201 2886 qui
214 2804 251 2861 ab
266 2801 406 2864 kalendis
417 2807 562 2865 ianuariis
577 2825 644 2864 eam
658 2808 804 2886 auspicati
817 2818 906 2865 sunt:
926 2825 1084 2887 nonquam
1097 2816 1199 2865 autem
1212 2806 1250 2864 ab

146 2890 319 2969 Septembri
340 2891 478 2949 ineuntes
497 2893 585 2948 illum
608 2891 725 2969 elegere
744 2891 969 2970 Septembrem,
993 2895 1044 2973 qui
1059 2909 1157 2950 nonus
1171 2901 1252 2950 assat

146 2974 185 3032 ab
205 2973 345 3034 kalendis
361 2977 524 3051 Ianuariis,
550 2973 632 3034 unda
648 2977 777 3035 aliorum
792 2975 919 3036 Indictio
934 2979 1088 3057 processit.
1132 2974 1171 3033 de
1188 2995 1250 3069 spuo

144 3057 217 3120 vide
229 3077 308 3140 quae
320 3061 353 3118 in
367 3059 528 3120 undecimo
542 3061 620 3120 libro
639 3059 677 3120 de
692 3063 836 3122 Doctrina
846 3073 1018 3142 temporam
1033 3081 1060 3120 o.
1074 3059 1117 3125 40
1131 3060 1207 3120 dixi.

231 3145 433 3218 Quamobrem
452 3165 557 3207 omnes
576 3147 624 3205 ilii
648 3148 702 3227 qni
722 3165 740 3206 a
756 3148 929 3227 Septembri
944 3147 1127 3209 Indictiones
1139 3165 1251 3205 nume·

145 3237 231 3305 rant,
254 3227 406 3289 Christum
429 3251 469 3290 ex
488 3233 606 3310 vulgari
623 3241 764 3312 computo
778 3235 966 3298 incarnatum
980 3253 1047 3293 ease
1060 3243 1183 3292 censent
1197 3235 1252 3292 ln·

146 3313 278 3373 dictione
291 3317 388 3391 tertia,
410 3327 516 3375 nattam
527 3335 598 3376 vero
612 3315 779 3378 Indicticne
791 3329 907 3400 quarte.
951 3329 1109 3378 attereres
1123 3336 1250 3397 compu-

145 3401 251 3475 tistae,
273 3403 326 3481 qui
347 3419 426 3460 anno
444 3405 542 3480 priano
561 3420 647 3461 aerae
660 3400 826 3462 hodiernae
841 3401 953 3465 Christi
967 3405 1203 3464 incarnationem
1214 3421 1250 3460 ac

144 3486 280 3544 natalem
300 3487 412 3565 pariter
431 3487 573 3566 affigrmt,
594 3489 793 3549 incarnationi
806 3501 945 3570 quartam
958 3487 1158 3549 Indictionem
1172 3489 1251 3547 asai-

145 3580 257 3650 gnnnt,
279 3572 373 3628 natali
395 3574 541 3652 quintam.
585 3571 695 3654 quodsi
715 3575 755 3632 eb
775 3577 914 3635 ianuario
933 3576 984 3634 vel
1005 3575 1043 3634 ab
1063 3585 1168 3635 octavo
1185 3571 1250 3632 iat.

144 3655 266 3736 Apriles
279 3654 454 3717 indictionis
469 3659 589 3717 initium
602 3669 748 3738 repetant,
770 3661 959 3720 incarnatum
970 3671 1135 3741 natumque
1147 3658 1251 3719 dicunt

144 3742 196 3800 vel
210 3739 377 3801 Indictione
391 3744 489 3818 tertia,
514 3763 594 3804 anno
607 3745 661 3805 iilo
674 3747 731 3826 qui
742 3764 831 3806 sarae
846 3744 1034 3807 Christianae
1047 3749 1181 3826 primum
1193 3765 1252 3803 an-

144 3845 221 3886 num
238 3829 379 3906 proxime
399 3831 578 3907 praecessit,
600 3831 651 3889 vel
668 3842 790 3912 quarta,
812 3833 839 3892 ai
855 3833 888 3891 in
902 3836 1035 3913 primum
1046 3833 1148 3912 ipsum
1161 3849 1250 3890 eeraa

143 3909 332 3970 Christianae
346 3923 507 3994 utrumque
522 3915 690 3976 coniiciunt.

231 3998 281 4055 Ex
302 3994 351 4057 his
373 3996 496 4058 evidens
519 4010 645 4059 estnon
665 4009 746 4060 recte
766 3998 846 4061 illud
866 4002 1018 4082 usurpari,
1038 4019 1114 4075 nos,
1136 4000 1190 4080 qui
1210 3998 1250 4055 ab

144 4082 240 4140 natali
259 4101 453 4144 numeramus
472 4101 567 4144 annos
582 4082 710 4163 Christi,
731 4088 765 4146 in
779 4085 911 4148 eundem
923 4106 992 4147 cum
1007 4083 1182 4147 Cassiodoro
1196 4083 1250 4164 qui

144 4167 184 4226 ab
201 4169 406 4228 incametiona
421 4177 508 4249 putat
523 4189 636 4230 mnsam
647 4191 840 4248 concurrere,
861 4175 888 4233 si
911 4171 1034 4254 quidem
1055 4167 1250 4230 Cassiodorus

143 4254 382 4313 incarnationem
403 4253 514 4315 Christi
537 4259 641 4316 uetur
662 4260 694 4317 in
718 4277 798 4318 anno
815 4259 915 4337 primo
940 4277 1029 4316 aerae
1050 4253 1249 4328 Christianae,

143 4335 313 4400 indictione
337 4351 443 4425 quarta
465 4343 606 4422 ineunte,
628 4344 711 4405 siah
730 4354 838 4407 octaro
858 4341 922 4404 kal.
942 4343 1056 4424 Aprilis
1076 4350 1249 4422 computare
