3000 4850
427 369 685 440 DESCRIPTIO
709 371 745 440 S.
768 371 959 442 SOPHllE.
1198 375 1271 448 133

166 533 380 618 eompleadnm
401 537 604 613 neocesariae,
635 545 670 594 ut
681 554 795 616 panem
809 539 915 597 mum
930 537 1048 614 atalia,
1079 552 1270 620 praeparant,

166 625 274 706 quibus
286 624 379 682 linitis
393 621 538 681 seoedunt
551 621 590 682 ad
604 640 721 681 maram
733 643 889 700 mensam,
917 625 969 682 ubi
984 643 1067 683 saara
1081 625 1203 704 liturgia
1219 630 1270 686 iu-

167 708 300 768 ehoatur.
342 704 559 788 Paohymeri1
582 708 623 772 19
644 703 737 789 edm
750 707 994 790 sicupoiliaeae
1009 708 1127 770 dieitur.
1150 721 1269 782 utram-

169 814 226 876 que
245 804 350 854 autem
372 790 552 853 oouobnlam
572 795 766 852 seorstanum
785 805 873 856 auoat
891 796 1053 873 Paulinus,
1089 798 1269 880 priorisque,

167 899 220 941 seu
229 877 396 961 prothesis,
416 899 507 938 usum
524 880 568 938 sia
581 878 741 939 describit:

289 964 344 1024 tu'o
355 964 786 1044 loamuttmerundupenus
797 985 861 1046 quo
871 964 1023 1038 conditur,
1039 973 1142 1046 etqua

324 1052 478 1130 promitur
490 1049 576 1108 atara
588 1052 670 1108 sauri
679 1070 795 1129 pompa
809 1051 976 1109 mututerii.

168 1134 297 1214 stepist.
316 1139 355 1199 12
369 1133 585 1212 adseram,
606 1136 675 1196 looo
688 1155 780 1216 snpra
794 1133 932 1210 laudato,
957 1133 995 1196 da
1012 1133 1092 1194 binis
1108 1134 1174 1195 istis
1191 1153 1265 1195 aon-
1281 1133 1305 1189 P
1322 1131 1374 1189 58⁰

168 1217 263 1280 ohulis
276 1221 370 1279 verba
384 1221 499 1280 fatiens
511 1241 576 1280 una
591 1240 710 1292 marn,
729 1223 845 1302 inquit,
866 1221 1038 1280 immolanti
1054 1219 1168 1280 11er
1186 1221 1269 1280 iubi-

166 1304 289 1363 iatronis
295 1316 395 1384 patet.
440 1307 493 1366 ubi
506 1324 561 1386 pro
569 1316 658 1385 patet
668 1305 832 1386 legendum
842 1318 938 1385 parat
950 1309 1132 1366 eeneuerimr
1154 1309 1267 1388 quippe

166 1391 197 1448 in
216 1387 276 1448 hae
297 1388 445 1450 oouabnla
463 1391 576 1450 hortas
594 1413 657 1451 non
679 1391 818 1450 imrrolnt
833 1393 970 1464 antmtee,
991 1390 1045 1451 sed
1064 1395 1097 1450 in
1113 1391 1215 1450 media
1238 1403 1268 1454 et

164 1477 273 1533 maiori
288 1473 419 1534 sonabat
440 1473 589 1556 prothesis
609 1497 681 1536 vero
698 1477 813 1536 hostius
827 1475 1014 1558 iubilationis
1028 1477 1199 1536 irurwlanti
1213 1497 1268 1537 seu
1284 1469 1286 1481 '

163 1562 264 1640 potius
285 1562 479 1621 immolaturo
498 1563 629 1620 unubtiti
644 1573 742 1642 purat
758 1563 809 1621 vel
831 1574 998 1644 praeparat.
1042 1583 1111 1621 oum
1136 1565 1216 1622 enim
1235 1567 1269 1623 in

162 1653 292 1726 utraque
308 1645 470 1722 aonahnlo,
501 1666 578 1728 quae
597 1645 636 1706 ad
648 1667 765 1708 suoram
776 1650 929 1727 liturgiam
943 1647 1147 1728 peragendam
1161 1669 1269 1709 ueoee·

162 1734 241 1790 saria
255 1741 345 1807 eunt,
375 1743 466 1814 atque
480 1730 555 1792 adeo
568 1735 601 1792 in
612 1732 747 1813 prothesi
759 1732 857 1794 hostia
873 1735 1038 1809 utrinam,
1066 1738 1098 1792 in
1113 1733 1267 1793 diaconico

161 1825 263 1876 restes
283 1827 316 1875 et
335 1817 407 1876 libri
428 1828 459 1877 et
479 1838 551 1877 vasa
564 1838 600 1877 ao
611 1821 777 1878 ministeria
794 1820 993 1878 aeclesiastica
1008 1829 1167 1898 parentur,
1196 1818 1268 1878 iuda

162 1900 253 1960 binae
268 1904 346 1961 istae
361 1900 526 1962 oonohulae
539 1905 699 1982 paratoria
719 1916 931 1984 nuncupantur
946 1908 978 1962 in
994 1903 1098 1962 ordine
1114 1906 1267 1963 Romano:

162 1986 291 2045 mlr'oem
302 1999 406 2046 auum
419 1988 621 2048 arcidiaconus
637 1991 750 2070 aooipu't
763 2011 888 2070 sequena
898 2001 928 2047 et
942 1989 996 2048 dot
1007 1988 1158 2067 aaolflbo,
1175 2000 1204 2046 et
1216 1987 1270 2072 ille

161 2084 284 2130 revocat
299 2075 333 2131 in
342 2077 550 2152 paratorium,
575 2095 687 2154 nempe
699 2078 731 2134 iu
741 2074 918 2153 prothesios,
938 2074 992 2132 ubi
1005 2076 1112 2134 aalioes
1129 2084 1158 2131 et
1172 2086 1270 2132 catera

162 2176 235 2216 vasa
250 2154 292 2216 ad
307 2159 445 2218 sacrificii
458 2179 549 2219 usum
564 2161 795 2240 reponebantur,
818 2157 901 2240 quod
912 2179 953 2218 ex
964 2161 1056 2220 saeris
1071 2159 1201 2238 liturgiis
1213 2160 1268 2218 ab·

161 2241 244 2302 unde
258 2244 381 2324 probari
393 2254 503 2324 potest.

249 2331 303 2394 68.
345 2331 482 2388 Alteram
495 2326 675 2389 oonohulem
683 2370 692 2403 ,
724 2346 804 2408 quae
823 2325 862 2386 ad
885 2329 1037 2388 sinistram
1052 2346 1106 2388 seu
1121 2323 1161 2386 ad
1175 2327 1269 2387 meri-

162 2407 246 2472 diem
258 2413 361 2473 altaris
375 2417 515 2474 statuitur
527 2411 830 2490 aThessalonioensi,
842 2416 1032 2492 paratorium
1045 2411 1170 2494 perinde
1183 2424 1270 2479 vocat

161 2495 246 2557 idem
259 2498 334 2557 ordo
347 2502 519 2559 Romanus:
540 2501 695 2577 reponitur
707 2498 784 2558 iiber
797 2503 831 2557 in
840 2502 997 2577 paratorio
1012 2500 1144 2579 quodum
1160 2502 1222 2558 eive
1236 2502 1269 2557 irr

161 2586 331 2642 secretario.
355 2582 517 2643 oonalrulae
533 2587 615 2643 enim
629 2587 739 2643 maiori
755 2583 911 2643 adiunctas
926 2588 1085 2643 secretorio
1101 2587 1269 2665 appellasse

163 2670 328 2728 Paulinum
350 2690 440 2749 supra
461 2671 653 2730 observatum
670 2680 726 2729 eet.
769 2669 896 2750 proinde
915 2669 999 2729 idem
1020 2682 1065 2731 est
1078 2672 1270 2749 paratorium

163 2753 246 2835 qnod
267 2758 468 2814 secretarium.
520 2758 667 2834 repositos
693 2766 796 2814 autem
820 2756 913 2815 fuisse
936 2756 1030 2815 libros
1053 2757 1269 2815 ecclesiasticos

163 2841 196 2898 in
219 2838 280 2898 baa
299 2838 446 2904 aonobula
466 2835 649 2900 docetidam
660 2842 824 2919 Paulinus,
855 2840 929 2899 dum
949 2842 1035 2901 illiue
1050 2860 1142 2901 neum
1155 2843 1198 2900 sio
1213 2840 1269 2899 da-

290 3012 321 3071 ei
333 3030 422 3091 quem
436 3020 544 3069 saneta
559 3020 638 3091 terret
653 3010 823 3071 ruditundi
835 3013 868 3069 in
881 3009 946 3090 lege
959 3009 1117 3085 uoluntas,

291 3096 343 3154 luc
350 3097 464 3175 poterit
477 3095 610 3154 resedens
624 3098 720 3155 auaris
733 3096 885 3155 intendere
898 3095 993 3154 libris.

163 3182 196 3239 in
208 3200 245 3240 aa
258 3183 341 3239 enim
353 3178 500 3240 ooncbuia
512 3200 614 3241 norae
627 3182 772 3241 lectiones
784 3182 912 3256 fiebant,
944 3182 1080 3261 sacrique
1101 3178 1171 3239 libri
1184 3177 1268 3239 finita

163 3267 289 3345 liturgia
298 3268 418 3346 publiea
431 3267 691 3347 praelegebantur.
734 3266 785 3342 id,
813 3269 846 3325 ui
867 3265 974 3343 fallor,
1002 3268 1075 3325 eatis
1089 3267 1189 3324 innuit
1203 3268 1268 3344 ipae

162 3353 331 3412 Paulinus:
349 3350 422 3410 nain
439 3372 512 3414 aum
528 3352 658 3412 dixisset
669 3372 764 3414 unam
780 3372 884 3413 aarum
899 3348 1082 3411 oouaharum
1099 3352 1270 3410 immolanti

161 3434 277 3497 hostias
288 3438 475 3497 iubilationis
489 3440 615 3497 antistiti
627 3458 750 3519 parare,
781 3436 858 3497 bueo
873 3436 993 3499 subdite
1021 3436 1119 3496 altero
1130 3448 1203 3515 poet
1217 3456 1269 3493 aa·

161 3524 314 3598 orificium
327 3524 437 3602 aupaci
450 3526 522 3582 sinu
534 3534 668 3602 receptat
677 3535 807 3583 mutae.
851 3524 896 3582 ita
912 3526 994 3583 enim
1010 3519 1175 3603 legendum
1195 3540 1275 3611 oon-x

160 3607 330 3684 nordeum,
359 3628 430 3668 aun
441 3607 523 3668 edita
534 3606 613 3669 nihii
626 3621 678 3669 aut
691 3630 784 3691 prave
798 3619 915 3686 sonent,
937 3609 1035 3667 altero
1042 3619 1114 3687 poet
1130 3606 1270 3665 sucerdo-

160 3706 220 3753 ton
232 3697 345 3773 aupaci
356 3696 428 3753 sinu
438 3705 572 3775 receptat
584 3706 719 3754 ouantes.-
742 3703 862 3775 peraeto
882 3696 963 3754 enim
976 3694 1120 3755 eaoriiiaio
1136 3712 1172 3751 eo
1185 3712 1271 3752 seae-

161 3778 276 3839 debant
293 3778 464 3840 saoerdotee
481 3790 513 3840 et
529 3778 662 3856 diaooui,
685 3791 715 3840 et
729 3800 883 3841 sacrorum
896 3781 1043 3839 librorum
1057 3780 1180 3837 lectioni
1195 3796 1270 3858 ope-

159 3885 228 3925 ram
243 3863 367 3926 dabant.
395 3876 476 3925 oerta
490 3868 524 3924 in
539 3885 575 3925 ee
591 3864 737 3926 oonolrnla
751 3866 847 3927 iratas
863 3864 1013 3926 eiusmodi
1025 3867 1170 3925 lectiones
1183 3863 1271 3923 dooet
1329 3904 1333 3913 ,

160 3954 235 4012 satu
247 3972 401 4034 superque
414 3950 548 4012 eodinus
561 3953 639 4012 libro
651 3952 789 4013 deoffio.
805 3972 832 4013 o.
849 3952 889 4016 15
904 3972 935 4011 n.
950 3950 988 4027 4,
1022 3950 1095 4010 dum
1114 3953 1156 4008 ait
1169 3952 1269 4030 impo-

160 4048 295 4097 ratorem
308 4040 342 4097 in
358 4034 466 4098 aedem
479 4035 668 4119 sophianam
683 4036 823 4099 uaedare
841 4039 942 4120 ibique
959 4039 1063 4118 magni
1077 4037 1184 4096 Basilii
1197 4054 1270 4113 pre-

160 4126 296 4183 aationes
310 4144 329 4183 a
342 4122 513 4205 patriarcha
527 4125 694 4205 praeleatas
709 4124 854 4186 exaudire
869 4120 998 4205 πἰλησὶον
1012 4126 1068 4186 toa'i
1081 4122 1268 4191 duroverni,

160 4204 220 4268 ¹¹⁰⁰
234 4222 281 4271 0⁸1
295 4212 384 4270 ium
398 4208 589 4288 wnchultm,
611 4230 690 4292 quse
704 4205 882 4276 timorato
895 4210 1068 4270 vocabatur.
1099 4224 1172 4265 nam
1186 4200 1269 4261 barad

160 4297 268 4374 procul
291 4298 445 4357 exstitisse
465 4295 571 4356 sedem
588 4298 788 4377 imperatorie,
811 4316 881 4355 aum
894 4312 1046 4357 sacrarum
1059 4292 1206 4351 librorum
1222 4289 1269 4345 le-

161 4383 294 4443 ctionem
305 4379 412 4443 auditu
427 4383 608 4464 excipiebat,
630 4401 721 4465 supra
735 4382 930 4467 probavimus
944 4398 984 4440 ex
995 4378 1179 4441 silentiario.
1203 4372 1270 4433 dia-
