3000 4850
471 76 479 93 ι

480 122 494 154 ,ε

161 225 205 240 ””
220 226 272 300 40
491 224 763 296 MGEPHORUS
793 222 1056 292 erourtmrs

218 397 347 488 ραπείας
370 395 482 477 ἵνικεν,
504 392 681 485 προστάξας
706 403 771 472 τοῖς
794 392 923 481 δίρχουσι
945 395 996 460 καί
1021 401 1086 472 τοῖς
1109 400 1195 474 λαοῖς
1213 419 1326 484 προσε-

179 510 205 568 Ι)
224 500 340 591 δρεόειν
354 507 399 591 τῷ
411 498 588 586 ὀχυρώματι
605 502 656 566 καί
670 498 730 564 ὅσα
742 498 820 586 πρδς
839 497 959 582 άμυναν
979 505 1034 566 τοῦ
1052 496 1162 576 ἔθνους
1178 498 1325 588 κατεργά-
1390 539 1393 550 ·

218 611 350 673 σαοθαι.
402 601 490 692 φήμη
515 604 553 670 δέ
573 629 621 680 τις
643 603 766 670 ἐδίδοτο
786 601 838 668 τὸν
859 601 989 685 βασιλία
1012 599 1133 691 φεύγειν
1153 600 1324 686 μηνύουσα,

219 709 264 775 δι’
282 707 321 792 ἢν
332 707 564 794 θορυβηθίντες
578 706 702 784 οὐδενὸς
715 702 878 784 διώκοντος
892 702 1043 782 συντόνως
1057 704 1194 793 όφευγον.
1247 707 1275 772 οἱ
1291 707 1324 772 δὲ

218 808 397 897 Βοόλγαροι
412 806 565 887 ἐπιδόντες
575 811 739 877 ἐπεδίωκον
750 816 916 896 καρτερῶς,
937 811 988 874 καὶ
1005 807 1162 891 ὃσουςμὲν
1175 814 1233 876 τοῦ
1248 813 1351 878 tanus

220 912 453 998 κατελάμβανον
467 911 601 1002 ἀνῄρουν
605 961 618 993 ,
639 915 798 991 πλείστους
812 915 847 978 δὲ
862 915 913 977 καὶ
928 909 1156 1000 ἐτραυμάτιζον.
1193 938 1326 998 περαιω-

219 1018 338 1086 θέντων
356 1018 390 1083 δέ
405 1024 460 1084 τοῦ
472 1017 595 1104 Ἴστρον
613 1019 661 1082 ἐπὶ
678 1017 733 1102 τὴν
750 1017 913 1101 λεγομένην
927 1019 1054 1102 Βαρνῦν
1072 1017 1199 1100 πλησίον
1212 1015 1327 1100 Ὀδησ-

219 1129 278 1188 σοῦ
291 1122 342 1186 καί
358 1127 412 1186 τοῦ
426 1118 639 1209 ὑπερκειμένου
652 1122 817 1206 μεσογαίου
823 1167 835 1199 ,
859 1119 895 1186 τὸ
910 1119 1037 1207 ίσχνρδν
1052 1121 1103 1186 καὶ
1118 1119 1255 1208 ἀσφαλὲς
1271 1125 1327 1186 τοῦ

218 1221 315 1292 τόπου
336 1220 490 1290 πάντοθεν
505 1223 539 1289 iis
552 1249 585 1290 τε
602 1230 656 1290 τοῦ
672 1230 813 1307 ποταμοῦ
829 1224 879 1288 καί
894 1231 950 1307 τῆς
966 1221 1045 1308 άγαν
1060 1224 1234 1310 δυσχωρίας
1249 1229 1328 1289 θεα-

218 1325 346 1410 σόμενοι
371 1328 506 1393 ἐνταῦθα
527 1334 683 1412 σκηνοῦσι.
732 1331 878 1413 κρατοῦσι
902 1328 936 1392 δέ
957 1328 1008 1392 καὶ
1030 1333 1092 1392 τῶν
1117 1323 1373 1412 [ἐγγιζόντωνμο

218 1430 448 1520 παρῳκημίνων
469 1435 658 1516 Σκλαβηνῶν
678 1432 796 1511 ἐθνῶν,
823 1432 875 1496 καὶ
898 1429 952 1507 οῦς
968 1430 1024 1512 μὲν
1039 1429 1079 1496 τὰ
1091 1427 1327 1518 πρδςἈβόρους

218 1531 424 1618 πλησιάζοντα
439 1545 600 1625 φρουρεῖν,
621 1532 676 1612 οῦς
688 1534 723 1599 δέ
735 1534 776 1600 τδ
791 1533 870 1620 πρὸς
880 1529 1050 1616 Ῥωμαίους
1063 1535 1216 1619 ἐγγίζοντα
1227 1543 1327 1621 τηρεῖν

128 1641 153 1696 Ρ
167 1638 205 1698 24
221 1633 440 1705 ἐπιτάττουσιν.
492 1638 524 1704 ἐν
538 1634 657 1716 τοῦτοις
673 1638 907 1726 ίσχυρωθίντων
921 1639 972 1702 καὶ
987 1637 1182 1722 αὐξηθέντων
1189 1686 1200 1718 ,
1225 1638 1265 1703 τά
1279 1639 1330 1702 ἐντί

223 1738 351 1832 Θρᾴκης
363 1743 465 1828 χωρία
479 1767 512 1807 τε
530 1744 580 1806 καὶ
596 1743 771 1824 πολίσματα
787 1743 960 1827 καταδηοῦν
976 1742 1158 1830 ἐπεχείρουν.
1208 1748 1252 1829 τῷ
1265 1747 1329 1824 βα-

218 1849 301 1911 σιλεῖ
311 1846 344 1910 δὲ
357 1843 474 1932 ἀνάγκη
487 1836 527 1929 ἦν
538 1852 636 1914 ταῦτα
652 1842 762 1933 δρῶντι
776 1845 825 1910 ἐπὶ
841 1846 1003 1928 τελέσμασι
1017 1845 1096 1934 πρὸς
1110 1843 1223 1924 αὐτοὺς
1237 1844 1327 1913 σπέν-
1336 1857 1371 1914 ts

219 1950 344 2016 δεσθαι.

242 2065 247 2083 ²
326 2049 435 2130 Οῦτως
454 2057 617 2138 τοιγαροῦν
635 2044 848 2138 εέρηνευοόσης
866 2043 1020 2115 πάντοθεν
1033 2054 1088 2133 τῆς
1096 2045 1255 2134 Ῥωμαίων
1265 2055 1329 2133 βα-

217 2154 334 2232 σιλείας
355 2151 377 2239 ἢ
399 2160 462 2220 τῶν
483 2158 716 2239 Μονοθεληττῦν
739 2152 893 2238 δυσσεβὴς
911 2154 1027 2239 αἵρεσις
1044 2150 1241 2238 ἐκρατύνετο,
1267 2151 1328 2236 ἤδη

219 2263 282 2322 τῶν
303 2257 363 2345 ἀφ’
386 2253 572 2344 Ἡρακλείου
591 2263 648 2324 τοῦ
666 2257 820 2341 βασιλέως
837 2253 959 2344 χρόνων
983 2261 1124 2340 λαβοῦσα
1144 2256 1200 2340 τὴν
1219 2253 1328 2343 ἀρχήν,

219 2361 272 2427 καί
294 2360 412 2445 σχίσμα
431 2353 469 2445 ἦν
485 2362 554 2448 περὶ
574 2361 632 2445 τὴν
652 2359 823 2445 καθολικὴν
844 2361 1015 2445 ἐκκλησίαν.
1065 2365 1163 2427 ταῦτα
1185 2359 1371 2447 διαγνοδςθθ

202 2464 454 2541 ·Κωνσταντι”νος
471 2461 600 2531 σάνοδον
615 2465 824 2549 οίκουμενικὴν
838 2473 1013 2551 συγκροτεῖ,
1037 2460 1059 2547 ἣ
1074 2464 1129 2542 τὰς
1141 2464 1198 2547 μὲν
1210 2470 1330 2547 προλα-

219 2563 339 2649 florinae
360 2568 447 2633 πέντε
470 2563 559 2652 ἁγίας
577 2568 787 2650 οίκουμενικδς
809 2564 957 2645 συνόδους
971 2564 1122 2654 ίκόρωσε,
1147 2570 1200 2633 καὶ
1216 2568 1256 2632 τά
1272 2564 1329 2632 δάο

181 2677 205 2733 Β
222 2671 271 2735 ἐπί
292 2675 349 2738 τοῦ
373 2675 512 2761 σωτῆρος
529 2674 671 2761 Χριστοῦ
691 2669 857 2756 θελήματα
881 2672 933 2737 καὶ
951 2668 1007 2738 δόο
1024 2669 1157 2759 φυσικὰς
1171 2671 1329 2757 ἐνεργείας,

289 2845 491 2904 sonetum?
577 2810 755 2918 ιτφηιιν
822 2840 1049 2916 osorum?
1129 2847 1330 2905 τοιοῦτον

219 3000 324 3057 delatus
343 3008 399 3070 est,
424 3019 483 3056 eum
504 3007 566 3055 ento
589 3002 701 3057 ducibus
723 3000 780 3057 anis
802 3008 884 3073 atque
908 3001 1069 3057 exercitibus
1086 3002 1237 3057 mundasset
1253 3009 1283 3057 ut
1301 3004 1331 3059 in

219 3071 373 3126 munitionis
391 3072 529 3125 obsidione
565 3080 703 3143 emerant,
729 3081 758 3126 et
778 3090 847 3143 quae
862 3073 897 3127 etl
915 3081 1021 3141 gentem
1039 3071 1109 3125 iiiam
1126 3072 1331 3142 propulsandam

196 3150 200 3157 '
217 3141 386 3212 pertinerent
398 3143 486 3195 omnia
497 3091 668 3212 perficerent.
702 3156 794 3195 verum
808 3159 865 3195 eum
879 3142 973 3211 iugera
986 3140 1172 3212 imperatorem
1185 3142 1255 3195 tama
1268 3160 1332 3213 per·

218 3210 370 3279 vulgasset,
395 3210 558 3264 consternati
572 3211 658 3264 nostri
673 3210 759 3282 passis
777 3211 897 3265 manibus
916 3210 1031 3281 fugiunt.
1067 3211 1164 3280 quibus
1180 3213 1332 3281 eonspeetis

219 3279 329 3349 uolgari
343 3279 525 3333 vehementius
541 3281 557 3333 ί
590 3280 700 3334 ‘eutium
712 3288 790 3349 terga
802 3298 937 3351 premere,
955 3288 983 3333 et
999 3296 1066 3351 quos
1083 3279 1190 3349 assequi
1207 3289 1333 3350 poterant

219 3350 348 3416 medere,
375 3348 518 3419 plerosque
537 3366 688 3403 venerere.
723 3350 786 3404 inde
804 3366 862 3402 eum
879 3350 1027 3403 Danubium
1043 3348 1229 3418 transiissent,
1251 3358 1279 3404 at
1295 3352 1332 3407 ed

218 3416 348 3485 Barnous,
365 3434 434 3489 quus
449 3435 535 3489 propa
552 3419 687 3486 odyssum
705 3427 733 3473 et
747 3418 922 3473 eminentiora
934 3419 980 3473 ills
993 3418 1186 3473 mediterranea
1198 3426 1249 3487 est,
1263 3438 1331 3503 per·

219 3486 371 3556 venissent,
399 3504 456 3540 eura
481 3504 540 3541 snm
555 3486 640 3543 locum
657 3488 774 3558 undique
792 3498 820 3541 et
836 3506 852 3543 a
869 3488 953 3542 fluvio
971 3495 998 3541 et
1015 3506 1063 3543 ar
1099 3488 1166 3541 ionis
1184 3499 1331 3559 superstate

218 3556 346 3609 munitum
359 3556 609 3626 anirnaduertsreut,
626 3557 724 3611 ibidem
737 3568 825 3611 essue
836 3558 928 3612 metati
941 3565 1012 3611 sunt.
1047 3574 1077 3611 se
1108 3566 1137 3611 et
1148 3556 1331 3613 sclavinorum

219 3633 342 3694 gentem,
368 3642 437 3697 quae
460 3626 514 3690 illio
536 3626 566 3679 in
588 3627 737 3711 propinquo
756 3628 887 3697 degebat,
912 3628 941 3679 in
954 3634 1115 3749 potestatem
1131 3645 1162 3681 rs
1183 3628 1189 3639 '
1210 3636 1273 3696 unt,
1297 3646 1332 3683 ee

219 3702 323 3765 partem
338 3710 445 3749 suumn
459 3696 489 3749 in
508 3713 540 3749 au
557 3696 641 3750 limite
656 3714 703 3766 qm
717 3696 820 3751 Avares
839 3696 953 3766 respioie
973 3705 1001 3751 at
1017 3695 1162 3763 collocent,
1211 3695 1250 3750 'os
1273 3698 1330 3751 Ru-

219 3780 354 3817 manorum
376 3764 474 3819 finibus
497 3763 637 3819 obiiciunt.
672 3765 768 3836 quibus
791 3768 871 3820 rebus
889 3764 960 3819 aucti
978 3773 1057 3834 atque
1076 3766 1224 3820 confirmati
1240 3766 1331 3821 Thra·

193 3840 199 3851 ’
219 3833 280 3886 uias
296 3834 396 3903 oppido
410 3834 521 3903 locaque
538 3834 625 3889 omnia
644 3834 813 3918 populantur.
848 3852 931 3905 quare
947 3835 1092 3905 imperator
1108 3851 1195 3891 eunus
1211 3836 1332 3908 psusitu-

218 3902 442 4026 timsijcmim'itssair·a
457 3920 551 4027 1³}ng
550 3903 679 4028 „ffifi'
686 3905 723 4027 ef?
724 3912 1032 4028 ολοίσθιαἓίίίῦιδιέῦοιοεόιδίσοι
1048 3973 1195 4028 constituta
1233 3972 1331 4027 Mono-

219 3990 390 4096 tirsistarnni¹
398 3991 532 4112 brissiis,
561 3991 632 4112 ηυδε
655 3990 707 4097 ιζ·
727 4050 783 4098 tum
806 4046 840 4098 ab
863 3992 988 4099 Herapolio
1013 4044 1175 4114 imperatore
1196 4013 1332 4114 eospsrst,

220 4109 322 4165 maiora
334 4112 363 4165 in
376 4111 435 4167 diss
447 4111 611 4167 ἰοστωοοοίι
626 4129 659 4166 ea
676 4112 764 4183 iebnt,
782 4114 850 4168 adso
870 4122 901 4168 nt
915 4112 1028 4167 ecelesia
1044 4112 1175 4167 catholica
1189 4114 1334 4167 schismate

110 4187 135 4224 a·
154 4171 207 4227 680
221 4180 398 4263 diffideretur.
433 4196 501 4252 quas
522 4182 558 4236 ob
580 4198 626 4237 τοο
642 4132 833 4239 (ίόοοαοιίοσε
849 4182 974 4253 generals
991 4182 1129 4265 eonsilium
1146 4182 1256 4250 indiait,
1279 4200 1333 4307 ριρο

220 4265 339 4323 qnoque
353 4250 458 4324 priores
475 4251 660 4309 oaunnonioao
674 4252 773 4326 synodi
788 4256 976 4327 comprobatae
992 4260 1021 4309 et
1033 4254 1102 4309 dnae
1115 4269 1145 4307 ur
1160 4252 1269 4309 curiata
1318 4282 1332 4297 ·
