3000 4850
237 281 307 354 132
418 278 589 347 PETAVII
613 278 669 344 AD
694 276 973 347 NIGEPHORUM
998 278 1152 348 norm

154 456 156 465 ’
232 454 401 595 opnatapr.c
428 442 512 591 qpod
541 454 572 505 et
597 442 764 505 Miliarinm
790 462 916 505 aureum
943 445 976 505 ia
1001 445 1107 505 notitia
1131 442 1257 524 dieitur,
1286 466 1344 507 re-

231 552 321 612 gione
402 550 465 610 po.

279 670 348 813 Dp
369 647 412 713 84
433 668 464 710 v.
486 650 538 713 20.
580 648 644 710 τοῖν
677 643 861 730 Πελαγδων]
898 642 1104 727 Theophanes
1131 646 1146 730 (
1159 667 1191 727 p.
1219 648 1283 715 872
1311 650 1341 709 0

232 744 262 793 et
332 776 341 793 .

307 848 404 1003 &1285
427 871 457 913 v·
472 847 505 915 4.
548 848 582 915 ἐκ
596 843 707 916 τούτου
719 843 916 931 βουλεύεται]
938 850 1052 910 factum
1066 848 1124 910 hoc
1140 871 1169 912 a.
1186 852 1338 913 Constan-

231 938 289 997 tini

316 1054 358 1115 it.
369 1076 400 1115 v
408 1056 461 1119 20.
502 1046 679 1117 υποδὲτον
691 1077 784 1117 aaron
794 1049 923 1158 καιρόν]
939 1040 1335 1159 Theophanessp.8731)):

232 1145 275 1227 τῷ
295 1139 329 1204 δὲ
351 1134 433 1223 stirpi
455 1136 513 1201 ἕπει
536 1133 716 1219 Naan'sae‘
696 1162 713 1203 a
737 1135 941 1221 ψευδωνυμος
955 1135 1143 1223 πατριάρχης
1162 1139 1217 1215 τοὶς
1242 1141 1276 1204 tv
1290 1146 1336 1229 τῷ

232 1206 432 1332 πατριαρχείῳ
447 1215 568 1327 εἰκόνας
579 1228 635 1285 τοῦ
650 1228 761 1305 μικροῦ
774 1226 930 1305 σεκραίτου
946 1248 1002 1305 της
1017 1231 1163 1306 τροπικοῖς
1176 1206 1336 1330 ἕξυλογρα·

233 1313 307 1389 φίας
336 1308 431 1387 ουσης
459 1302 659 1391 κατήνεγκεν,
692 1308 744 1371 καὶ
770 1315 833 1371 τοῖν
853 1314 967 1372 λοιπῶν
987 1304 1170 1373 εἰκόνων
1135 1335 1173 1373 τα
1190 1307 1335 1391 πρόσωπα

232 1396 357 1478 ἔχρισεν.
400 1392 450 1453 hic
472 1404 586 1453 secreta
611 1388 753 1476 προόδων
774 1390 855 1459 οἶκοι
877 1407 1021 1455 vocantur
1036 1414 1054 1453 a
1070 1394 1256 1476 Nicephoro,
1276 1396 1335 1457 hoo

231 1493 276 1543 est
298 1498 506 1561 processuum,
530 1498 606 1561 quos
627 1478 813 1577 προκέναους
834 1491 915 1540 aetas
933 1481 987 1539 illa
1012 1484 1177 1541 nominavit
1192 1494 1245 1542 aut
1259 1506 1336 1585 αρρ·

228 1566 366 1639 κ.έσσους
410 1585 487 1645 (puae
503 1584 565 1623 vox
581 1574 644 1623 tam
656 1567 875 1643 prooessmnem
888 1568 987 1645 ipsam
998 1586 1097 1668 'quam
1114 1570 1273 1627 stationem
1290 1569 1336 1627 si·

231 1651 364 1731 gnificat.
407 1653 510 1731 itaque
530 1642 698 1750 ιρρόκεσσος
718 1654 780 1712 τοῖν
801 1654 1005 1731 Βλαγερνῶν
995 1673 1028 1711 an
1045 1653 1138 1711 Alex.
1152 1650 1264 1712 chron.
1256 1673 1336 1733 .pro

232 1738 421 1811 suburbano,
444 1746 473 1793 et
495 1728 665 1815 πρόκεασον
689 1730 895 1814 ποιήσασθαι,
917 1734 976 1795 hoo
997 1747 1042 1796 est
1060 1738 1230 1816 procedere,
1255 1736 1338 1818 apud

231 1820 454 1901 Theophanem
473 1831 502 1878 et
522 1821 608 1879 alios.
652 1822 846 1899 curopalates
862 1832 958 1881 oertos
973 1821 1037 1881 dies
1056 1827 1215 1903 quotannis
1230 1844 1339 1883 recen-

232 1918 294 1982 set,
317 1908 426 1987 quibus
447 1910 641 1985 imperatores
665 1917 751 1964 extra
773 1908 920 1985 palatium
943 1906 1146 1986 procedebant
1169 1921 1200 1968 et
1222 1911 1255 1967 in
1278 1928 1339 1989 pa·

231 1990 372 2051 triarchio
395 1992 639 2072 pemootabnnt
630 2012 662 2049 m
684 1991 828 2066 κελλδυις,
855 1988 914 2049 hoo
935 2003 980 2051 est
1002 1993 1120 2053 cellulis
1143 1992 1339 2076 quibusdam.

231 2074 290 2137 hae
308 2088 377 2137 suut
391 2078 518 2136 fortasse
530 2096 605 2158 quas
620 2070 758 2159 προόδων
771 2076 875 2150 οἴκους
888 2078 1089 2156 appellarunt.

314 2217 349 2275 p-
364 2200 404 2261 86
418 2216 447 2254 r·
460 2200 491 2258 2.
534 2188 704 2275 κηροχότου
719 2187 812 2273 vino]
834 2214 927 2275 qnam
940 2196 1047 2255 Graeci
1057 2196 1268 2302 κηρογραφίαν
1280 2217 1339 2257 ro-

233 2292 301 2341 cent
320 2281 372 2339 hio
393 2284 500 2360 opinor
522 2283 679 2360 expressit.
722 2277 795 2337 hino
810 2299 882 2339 rasa
898 2282 1189 2384 κεκηρογραφημένα
1202 2276 1339 2365 γρόμααο

232 2368 390 2532 ριμριρρρίορς
409 2363 491 2446 apud
509 2364 716 2442 Athenaeum,
737 2375 772 2425 ut
792 2366 961 2427 observarit
980 2369 1127 2448 interpres
1149 2366 1189 2428 ad
1204 2368 1339 2431 Theoor.

318 2570 360 2628 ib
383 2590 414 2630 r.
431 2574 482 2635 10.
530 2569 576 2655 Τῇ
597 2565 711 2652 ἕβδόμῃ
735 2569 921 2652 ἰνδικτιωνι]
943 2568 1197 2652 Theophanen.
1215 2577 1257 2639 28
1275 2574 1338 2634 οο-

140 2665 214 2724 1³85
232 2658 381 2738 pronymi.
426 2675 522 2716 annus
543 2666 606 2713 erat
624 2654 739 2714 christi
758 2659 838 2733 769,
860 2660 946 2738 ογοΙο
968 2659 1040 2717 solis
1060 2663 1119 2737 22,
1140 2659 1188 2719 lit.
1203 2660 1285 2720 dom.
1296 2663 1337 2738 Δ,

234 2744 318 2825 oyolo
333 2743 422 2802 lunae
439 2746 494 2817 10,
516 2740 628 2820 pascha
643 2743 801 2821 apruna.

319 2859 360 2920 ib.
377 2881 407 2920 v.
425 2867 474 2927 17.
518 2854 612 2946 ὀγδόῃ
627 2856 660 2923 δὲ
677 2859 861 2944 ἰνδικτιωνι]
883 2857 1088 2942 Theophanes
1101 2883 1133 2943 p·
1147 2860 1211 2937 374
1221 2864 1260 2923 B.

318 3018 375 3074 iiio
397 3015 465 3073 finis
481 3011 623 3074 historiae
637 3011 815 3094 Nicephori,
836 3033 944 3095 qnam,
966 3025 1001 3075 ut
1016 3017 1119 3076 scribit
1132 3013 1275 3093 Photius,
1297 3013 1339 3076 ad

234 3103 345 3160 Leonis
365 3111 395 3158 et
413 3103 515 3159 'Irenes
536 3103 656 3179 nuptias
675 3099 835 3180 perduxit,
864 3099 922 3160 hoo
949 3111 996 3160 est
1019 3103 1207 3162 constantini
1232 3121 1260 3160 a.
1282 3105 1337 3178 29,

236 3185 346 3245 Christi
358 3190 430 3249 769.
473 3205 527 3244 nos
547 3197 648 3244 tamen
668 3184 806 3243 eiusdem
822 3183 984 3265 Nicephori
998 3187 1201 3267 fragmentum
1214 3188 1339 3246 inveni-

235 3291 302 3330 mus
319 3269 400 3351 apud
412 3267 649 3350 Theophanem,
670 3274 703 3328 in
719 3269 820 3329 oodioe
835 3272 947 3330 illustr.
962 3272 1050 3332 (iord.
1066 3276 1211 3332 loieusae.
1254 3271 1338 3354 quod

236 3356 360 3436 quidem
382 3375 444 3414 non
467 3357 589 3415 alterius
610 3376 675 3414 esse
692 3375 784 3436 quam
801 3354 892 3414 haim
909 3356 1071 3436 Nicephori
1085 3359 1280 3417 manifestum
1294 3379 1339 3418 ox

235 3463 271 3499 eo
287 3441 437 3513 redditur,
461 3441 542 3521 quod
557 3451 586 3498 et
598 3439 766 3520 patriarcha
777 3461 796 3498 a
810 3439 1000 3520 Theophane
1011 3445 1185 3522 cpolitanus
1198 3444 1338 3523 appella-

235 3539 299 3600 tur,
323 3538 353 3584 et
372 3525 409 3583 de
428 3529 609 3604 copronymi
624 3527 807 3604 temporibus
822 3531 909 3609 quasi
920 3530 1027 3588 ricinis
1043 3532 1132 3588 aetati
1147 3548 1218 3589 snae
1233 3531 1338 3609 loqui-

235 3621 300 3686 tur,
324 3631 392 3668 oum
413 3615 454 3668 ait
476 3613 637 3670 normuiios
653 3610 752 3669 adhuc
767 3614 942 3689 superstites
958 3634 1040 3689 esse,
1063 3617 1116 3695 qui
1131 3634 1150 3673 a
1168 3613 1337 3694 dysonymo

235 3697 289 3753 illo
308 3707 432 3774 tyranno
448 3699 548 3776 aliqua
563 3699 693 3776 corporis
707 3708 791 3775 parte
803 3699 934 3756 mutilati
945 3700 1076 3758 fueraut.
1118 3712 1149 3759 at
1162 3701 1280 3772 nullus,
1301 3711 1337 3760 ut

136 3811 141 3818 -
236 3783 321 3839 initio
339 3783 510 3855 statuimus,
535 3786 598 3840 eius
612 3784 742 3840 nominis
757 3780 943 3860 patriarcha,
965 3795 1085 3864 praeter
1096 3783 1177 3849 huuc
1189 3795 1336 3862 nostrum,

236 3868 420 3946 temporibus
434 3868 497 3926 iliis
514 3871 637 3926 exstitit.
681 3866 713 3926 id
730 3868 936 3947 fragmentum
947 3871 1008 3930 tale
1023 3880 1079 3934 ert.
