3000 4850
424 336 482 407 AD
508 334 792 406 nlcnrnonnn
815 335 969 406 nomn
1198 336 1250 410 99

175 524 179 531 ·
377 502 424 563 A.
447 502 479 563 d.
502 504 582 578 628,
602 502 714 563 ludier.
740 504 774 579 l,
794 501 938 561 Heraclei
958 506 1015 579 18,

183 598 255 670 post
275 606 335 646 ooo.
360 589 416 665 16,
445 588 586 647 Heraclii
604 591 670 647 iam.
697 590 754 664 16,
786 588 869 668 cyclo
889 589 962 647 eolis
978 591 1037 665 21,
1065 590 1159 652 lunae
1174 596 1207 658 2.

231 704 380 768 chosroes
398 706 520 789 fugiens
538 704 699 767 Merdasen
715 708 815 767 filium
828 720 930 789 spreto
944 707 1031 768 Siros
1045 727 1249 772 successorem

147 790 295 872 designat.

232 878 277 937 0b
298 875 332 936 id
351 876 437 937 Siroe
456 878 570 937 maiore
586 886 660 937 netu
675 876 736 938 filio
753 895 789 936 ac
801 880 963 938 Persarum
975 880 1162 960 principibus
1174 900 1248 941 oon-

147 962 329 1043 spirantibus
346 973 450 1043 captus
466 982 500 1021 ac
514 962 725 1021 miserabiliter
740 965 855 1023 occisus
869 974 915 1023 est
926 965 1013 1024 Febr.
1025 965 1069 1029 28
1082 964 1143 1024 die.

233 1048 335 1107 Siroes
351 1049 388 1106 ab
402 1048 540 1107 Heraclio
554 1067 661 1128 pacem
673 1050 830 1127 impetrat3
851 1051 904 1131 qui
917 1051 1020 1109 literas
1033 1048 1072 1108 de
1086 1050 1175 1110 rebus
1187 1070 1205 1109 a
1216 1070 1251 1109 se

148 1134 240 1212 gestis
254 1130 294 1191 ad
308 1134 362 1193 ΒΡ
371 1134 427 1206 00
440 1134 543 1193 mittit.
585 1152 638 1193 eae
660 1132 698 1198 15
717 1134 792 1193 Maii
807 1136 874 1215 ipse
890 1132 939 1194 die
953 1146 1140 1215 pentecostes
1151 1139 1185 1194 in
1198 1155 1251 1193 ec-

149 1220 242 1278 clesia
259 1220 419 1297 perlectae.

232 1301 349 1361 Eodem
369 1322 447 1363 anno
467 1302 622 1361 Heraclius
642 1302 762 1381 cpolim
780 1304 955 1380 revertitur,
981 1323 1076 1386 eoque
1094 1324 1250 1365 sacrosan-

149 1397 230 1447 ctam
253 1386 368 1449 domiui
391 1407 509 1447 crucem
527 1397 718 1468 transponat.
761 1406 855 1471 quam
868 1392 1045 1472 insequente
1060 1410 1131 1451 vere
1147 1391 1250 1470 profe-

148 1484 215 1533 ctus
229 1475 447 1553 Hierosolymis
460 1474 599 1532 restituit.

233 1561 387 1618 Postremo
404 1579 443 1617 ne
460 1557 532 1639 qnid
549 1566 771 1637 praetereamus
787 1557 869 1640 quod
889 1557 929 1618 ad
943 1556 1153 1619 illustrandam
1170 1556 1250 1617 hano
1266 1561 1287 1615 P
1303 1562 1338 1617 58

148 1640 306 1703 historiam
322 1647 484 1723 pertineat,
508 1646 637 1703 Heraclii
651 1643 779 1717 liberos,
801 1664 930 1725 quornm
942 1644 1066 1727 quidem
1079 1643 1161 1726 apud
1175 1648 1252 1705 scri-

148 1740 248 1809 ptores
260 1732 373 1789 mentio
386 1731 435 1805 fit,
459 1726 517 1789 hoc
531 1730 598 1789 loco
613 1729 817 1789 subiiciemns.

300 1824 565 1965 compuri*
576 1828 665 1913 ⁸³⁰?ss
686 1826 805 1911 apaan..
823 1827 932 1911 Nisei·
943 1844 972 1897 r.
985 1830 1018 1913 ιι
1035 1827 1151 1883 sosas
1165 1828 1193 1881 r.

445 1896 584 1950 Heraclius
594 1914 649 1952 sroe
684 1904 849 1951 oristantrous
860 1914 957 1955 iunior.
978 1897 1216 1969 Nicept.p.613,

149 1998 269 2123 ppaepp
448 1998 665 2137 {pergamis
675 2036 766 2107 pri..
775 2034 925 2106 Νιωριρ.
938 2035 972 2089 se
989 2036 1033 2091 re.

449 2138 647 2193 Constantinus.
672 2136 803 2193 eedem
813 2145 840 2192 et
853 2139 1030 2209 Theophanes.

301 2238 419 2297 Mutina
447 2206 597 2359 gpppplins.
620 2210 730 2278 Niesph·
740 2225 770 2278 p·
782 2208 816 2265 17
832 2209 877 2265 22.

449 2344 566 2398 M⁸¹¹¹¹¹¹⁸
614 2378 805 2452 asceseos
825 2378 926 2449 1,2,s.

233 2571 356 2631 Praeter
378 2571 451 2630 istos
476 2573 551 2631 alios
566 2574 656 2630 etiam
670 2572 836 2652 suscepisse
849 2571 959 2632 liberos
972 2569 1105 2647 videtur,
1126 2572 1253 2632 acilius

148 2657 258 2717 saltem
275 2655 360 2734 duas.
381 2654 567 2736 Nicephorus
584 2659 665 2715 enim
679 2660 760 2736 p.25
782 2659 1002 2732 7lleraoliom,
1018 2657 1092 2715 dnm
1105 2657 1204 2716 adhuc
1219 2661 1252 2714 in

148 2741 273 2801 Perside
295 2753 440 2817 moratur,
471 2740 547 2801 duos
571 2744 706 2800 amisisse
728 2743 806 2800 filios
826 2741 1013 2822 totidemque
1036 2743 1114 2801 filias
1139 2752 1252 2801 narrat.

149 2845 243 2908 qnare
263 2837 297 2884 nt
318 2829 468 2887 masculos
485 2829 589 2887 ambos
604 2829 742 2885 Flavium
758 2847 793 2884 ec
810 2825 1019 2886 Theodosium
1036 2846 1102 2886 esse
1117 2830 1254 2905 suspice-

149 2933 232 2987 mur,
251 2912 326 2970 silias
345 2914 453 2971 saltem
470 2913 507 2970 ab
522 2914 690 2992 Augustius
708 2921 737 2969 et
753 2914 882 2969 Martios
895 2909 1028 2971 diversas
1042 2923 1160 2990 oportet
1175 2931 1251 2985 esse,

150 3017 220 3056 cnm
232 2994 287 3056 has
302 2999 383 3077 ipsas
400 2997 562 3078 aliqnando
577 3007 681 3077 postea
693 3006 829 3076 tempore
841 3000 993 3076 Augustas
1006 2997 1172 3078 appellatas
1186 3017 1253 3056 esso

148 3086 300 3164 scripserit
316 3104 347 3162 p.
363 3085 403 3146 81
426 3087 456 3147 3.

234 3165 283 3226 Ad
298 3164 354 3226 hos
369 3187 474 3226 omnes
490 3164 675 3224 adiiciendus
688 3176 733 3224 est
747 3166 893 3225 naturalis
903 3166 983 3226 filins
994 3170 1123 3227 loannes
1140 3185 1253 3245 cogno·

148 3263 251 3310 mento
267 3251 473 3327 Malarichus,
497 3251 606 3331 dequo
622 3271 652 3331 p.
666 3253 709 3316 20
727 3248 759 3315 6.

235 3336 296 3396 Sed
316 3339 379 3396 iam
395 3340 433 3397 ab
450 3337 581 3395 Heraclii
594 3338 783 3417 imperatoris
797 3333 921 3396 historia
936 3354 1059 3416 operam
1073 3345 1206 3394 nostram
1218 3335 1253 3392 iu

148 3418 327 3481 historicum
338 3425 440 3502 ipsum
454 3423 678 3482 transieramus.

234 3595 265 3656 p·
283 3579 303 3639 8
322 3595 352 3633 v·
370 3577 400 3638 9.
444 3572 487 3650 odo
513 3570 597 3656 παρὰ
619 3580 742 3650 πολλοῖς
766 3571 912 3660 ᾂδεσθαι]
946 3571 1055 3632 eadem
1074 3572 1139 3633 fere
1160 3572 1253 3631 verba

149 3668 221 3718 sunt
242 3657 322 3740 apud
342 3657 564 3740 Theophanem
595 3661 648 3742 (p.
669 3659 734 3727 248
758 3662 781 3719 0
803 3660 851 3720 ed.
871 3660 997 3738 Paris).
1045 3655 1136 3718 huius
1155 3659 1252 3717 iuriae

126 3742 249 3804 'mores
272 3764 345 3824 prae
367 3749 472 3806 ceteris
487 3748 717 3826 elegantissimh
729 3747 866 3806 versibus
881 3746 1029 3825 expressit
1041 3746 1254 3804 Constantinus

149 3831 314 3889 Monaeses.

234 3914 276 3972 io.
303 3933 333 3974 a.
361 3918 410 3979 11.
454 3910 501 3978 διὸ
523 3913 556 3978 ol
572 3913 642 3995 περὶ
662 3911 720 3996 τὴν
740 3907 883 3996 Λιβύην]
913 3909 1029 3973 addunt
1048 3910 1254 3992 Theophanes

149 4001 282 4059 Zonaras
307 4001 519 4060 Constantinus
544 4010 573 4058 et
597 4001 649 4060 alii
673 4019 690 4058 a
715 4001 903 4060 senatoribus
917 4001 1045 4080 ipsoque
1063 3997 1138 4057 adeo
1151 4000 1254 4055 Prisco

148 4081 268 4143 Phocoe
299 4104 409 4164 genero
439 4087 621 4145 solicitatum
642 4084 681 4144 ad
701 4084 901 4145 defectionem
928 4085 1102 4144 Heraclium
1120 4083 1254 4140 Heraclii

148 4170 336 4249 imperatoris
359 4180 492 4250 patrem,
514 4171 634 4230 Africae
652 4173 856 4250 praefectum,
878 4174 962 4230 cuius
976 4182 1043 4230 tum
1058 4170 1175 4246 legatus
1191 4175 1255 4224 erat

149 4255 298 4333 Gregoras
321 4258 475 4336 patricius.
518 4253 573 4315 sed
596 4255 678 4338 quod
700 4267 803 4316 noster
815 4258 974 4317 amborum
987 4256 1098 4314 liberos
1111 4253 1176 4332 pari
1189 4255 1255 4310 iure

148 4338 188 4398 ad
201 4361 287 4421 spem
300 4344 420 4425 imperii
432 4344 541 4404 missos
556 4343 675 4422 cpolim
693 4345 814 4421 asserit,
836 4343 1012 4404 Heraclium
1028 4341 1179 4400 maritimo
1199 4339 1257 4397 lii·
