3000 4850
252 269 349 375 ‘mn
540 296 599 384 ’.
723 300 900 385 consen

257 487 286 535 el
309 470 527 555 rqferendarii,
556 470 730 550 cognomine
751 470 899 542 Pauca,
927 467 1052 529 iambici
1069 489 1173 530 νινιιιι
1188 468 1313 548 politici
1332 471 1371 531 ιἰι

256 549 468 637 beai‘meron
483 574 591 652 magni
603 570 732 644 Basilii,
757 591 888 653 quorum
898 575 1020 633 initium
1035 564 1062 635 oi
1075 566 1200 647 ιιιινιῦς.
1237 572 1292 633 sed
1305 571 1369 633 hoc

256 682 289 739 in
304 680 392 739 titulo
408 678 518 737 erravit
532 694 602 733 cum
616 671 726 733 codicis
742 679 885 755 scriptor,
909 678 962 759 qui
977 694 1082 736 versus
1097 677 1235 756 politicos
1254 678 1369 756 appin-

256 783 304 841 xit
316 780 455 855 Pisidae,
485 788 552 837 tum
565 787 669 839 auctor,
681 776 826 857 catalogi,
857 782 910 859 qui
929 800 981 839 eos
994 779 1139 838 iambicos
1153 778 1291 860 politicos
1308 799 1369 858 ap-

255 884 368 963 pellat:
391 902 463 941 narn
477 890 512 939 ut
524 880 651 938 inferius
664 870 847 955 notabimus,
860 882 970 942 iambis
982 880 1109 965 quidem
1122 885 1241 962 scripsit
1250 880 1368 959 Pisida,

255 996 286 1045 et
303 989 427 1045 omnino
442 985 606 1063 eleganter,
627 1002 690 1041 non
705 983 841 1043 versibus
851 986 1000 1063 politicis3
1023 985 1169 1045 iambicos
1182 995 1286 1043 autem
1293 1004 1369 1043 ver-

144 1158 153 1177 ,
255 1109 306 1149 sus
319 1088 405 1148 nullo
419 1085 510 1147 modo
523 1089 620 1167 possis
636 1085 788 1165 appellare
803 1087 952 1166 politicos,
975 1109 1045 1149 etun
1053 1091 1225 1147 maximum
1236 1089 1275 1146 sit
1287 1088 1371 1145 inter

254 1190 372 1249 iambos
387 1192 468 1269 ipsos
487 1199 516 1247 et
531 1190 667 1268 politicos
684 1188 856 1249 discrimen.
889 1191 971 1273 qnod
985 1204 1087 1253 antem
1100 1193 1144 1251 ibi
1158 1188 1268 1248 deinde
1285 1190 1369 1267 legi-

257 1303 324 1368 tur,
354 1312 424 1353 suos
443 1294 560 1351 iambos
582 1292 734 1371 scripsisse
749 1292 885 1351 Pisidam
906 1298 940 1353 in
958 1296 1168 1355 Herce'meron
1182 1290 1313 1362 Basilii,
1334 1286 1369 1347 id

258 1414 351 1477 quam
364 1395 427 1453 levi
441 1396 587 1453 innitatur
600 1392 808 1470 fundamento,
831 1396 1017 1459 ostendimus
1031 1402 1063 1457 in
1078 1397 1198 1457 Montio
1208 1392 1369 1473 adipsum

258 1504 368 1579 poima
383 1497 420 1555 de
434 1498 553 1576 opificio
568 1497 685 1555 ruendi.
718 1495 773 1557 sed
784 1496 843 1557 hoo
857 1503 891 1559 in
906 1500 1008 1561 codice
1021 1510 1140 1581 praeter
1151 1484 1368 1555 Hexai'eineron

259 1598 409 1659 habentur
422 1603 514 1659 etiam
527 1602 736 1679 primumtroi
750 1602 849 1665 νῦιοῦ
863 1603 907 1678 εἰς
922 1601 978 1668 τᾶν
991 1600 1121 1687 μάταιον
1134 1602 1204 1684 βίον
1220 1596 1273 1660 sai
1286 1589 1369 1659 καθ’

257 1697 484 1783 ῦνσερηφῦνων,
524 1704 656 1761 eiusdem
681 1704 718 1763 de
738 1707 873 1763 vanitate
891 1708 972 1765 vitoe
996 1718 1026 1764 et
1044 1706 1190 1765 adversus
1207 1698 1368 1780 superbos,

258 1806 362 1881 iambi,
388 1826 516 1887 quorum
529 1807 666 1865 initium:
690 1803 814 1883 ἄνοιξον
836 1806 928 1888 ήμῦν
947 1812 1004 1871 τοῦ
1024 1810 1171 1891 λογισμοῦ
1189 1802 1244 1879 σῦς
1262 1799 1367 1886 stipor,

259 1906 368 1969 deinde
383 1929 454 1969 vero
470 1910 565 1991 στίχοι
578 1902 745 1975 robolini
763 1911 806 1985 εἰς
819 1907 877 1992 τήν
892 1911 982 1994 ‹iylau
995 1914 1052 1975 τοῦ
1066 1912 1200 1992 Χριστοῦ
1212 1905 1264 1969 καὶ
1281 1909 1369 1969 θεοῦ

257 2010 348 2093 ἡμῶν
363 2006 545 2089 duriorum,
567 2012 699 2071 eiusdem
710 2034 813 2073 versus
827 2014 864 2073 de
882 2016 995 2073 Christi
1008 2015 1137 2073 Domini
1155 2012 1251 2098 nostri
1263 2030 1368 2067 resur-

139 2110 149 2143 '·
221 2142 225 2163 r
257 2117 398 2188 rectione,
423 2134 552 2196 quorum
567 2118 706 2175 initium:
731 2121 965 2197 λενχειμσνοῦσα
979 2118 1039 2181 νῦν
1050 2109 1246 2198 προῆλθινὴ
1257 2114 1367 2189 calore,

256 2216 290 2283 τῦ
303 2217 361 2305 γὰρ
375 2217 530 2283 σκοτεινὸν
544 2214 752 2283 ἐκδιδάσκεται
766 2218 861 2302 χρέος.

342 2324 383 2380 Hi
407 2331 478 2381 sunt
500 2321 616 2381 codices
640 2325 673 2380 in
694 2324 800 2381 ltaliae
813 2322 1005 2383 bibliothecis
1022 2320 1184 2394 asservati,
1204 2319 1237 2377 in
1254 2316 1368 2399 quibus

257 2445 349 2505 opera
362 2421 483 2484 Pisidae
496 2429 703 2502 continentur.;
732 2448 789 2486 neo
804 2429 857 2488 alii
873 2440 943 2490 sunt
960 2429 1083 2505 Georgii
1098 2428 1155 2505 τῆς
1168 2417 1298 2504 μεγάλης
1314 2420 1367 2486 iu-

218 2578 227 2595 .
255 2527 383 2608 ιιλησίιις
396 2527 520 2607 σνίχοι,’
536 2547 611 2608 quos
629 2528 784 2590 eanredus
802 2533 952 2592 Gesnerns
971 2534 1004 2588 in
1018 2549 1073 2589 sno
1087 2525 1277 2587 Bibliotheca
1290 2523 1369 2584 dicit

257 2631 369 2688 alicubi
390 2641 507 2689 exstare
528 2632 562 2688 in
587 2632 692 2708 ltalia3
723 2654 759 2692 ao
778 2633 905 2714 proinde
925 2655 988 2694 non
1007 2633 1158 2692 immerito
1171 2628 1312 2690 irridetur
1327 2629 1367 2686 nb

256 2734 388 2808 Allatio,
424 2731 506 2814 quod
526 2735 569 2791 ita
587 2735 755 2813 scripserit:
786 2739 938 2820 Γεωργίου
951 2731 1072 2818 πόνημα
1084 2737 1139 2798 τοῦ
1154 2731 1208 2795 καὶ
1221 2730 1370 2794 Πισίῦον.

255 2837 419 2916 Inscriptio
433 2839 566 2896 brihtelm
579 2837 710 2942 iupbica
725 2838 809 2913 libri,
832 2841 888 2919 qui
898 2842 996 2898 neseio
1009 2859 1072 2919 qua
1086 2839 1120 2894 in
1132 2835 1242 2894 lubae
1253 2831 1371 2892 biblio-

257 2939 344 3002 tlreca
366 2941 452 3013 latet,
481 2942 570 3000 uario
591 2941 738 3018 opuscula
761 2945 929 3016 continens,
949 2942 987 3002 de
1007 2950 1134 3011 aestate,
1155 2938 1191 2997 de
1208 2936 1301 3008 mii,
1324 2937 1372 2995 od

257 3064 306 3104 eos
326 3037 381 3124 bui
400 3043 480 3124 leges
500 3063 561 3100 reon
580 3054 729 3118 metuunt,
766 3045 804 3104 de
823 3056 999 3126 crrgmeuto,
1027 3044 1065 3103 de
1089 3039 1224 3102 sensibus
1243 3041 1368 3114 ιιοιινιέι,

252 3145 478 3226 physiologiam
497 3146 533 3205 ele
548 3147 681 3226 plantis,
703 3146 826 3218 auibus,
847 3146 1037 3219 volatilibus,
1056 3141 1249 3214 natatilibus,
1268 3143 1368 3221 seris,

254 3247 413 3327 reptilibus
426 3247 579 3324 etberbis;
607 3250 645 3308 de
659 3249 822 3330 generibus
833 3249 1028 3323 animalium
1057 3248 1235 3318 deloeuslc,
1264 3246 1302 3304 de
1315 3245 1368 3303 lu·-

256 3352 399 3424 madiae,
431 3352 469 3411 de
482 3351 563 3410 malo
576 3356 705 3431 punico.
753 3373 830 3433 qnae
844 3357 946 3412 omnia
958 3353 1141 3411 Hexaiimeri
1156 3360 1275 3429 partem
1290 3367 1367 3406 con·

256 3453 394 3512 stitunnt.
438 3473 544 3512 verum
559 3475 608 3526 en,
630 3456 785 3536 subiungit
796 3459 937 3531 Allatins,
960 3453 1106 3536 quomodo
1118 3471 1215 3511 ursum
1230 3462 1258 3509 et
1269 3454 1368 3508 corsti-

256 3565 387 3614 nuatum
398 3565 561 3614 uariatum
575 3559 608 3614 in
615 3557 724 3635 plures
740 3562 788 3618 vir
808 3561 862 3619 iste
876 3560 1026 3637 discerpit.
1072 3577 1115 3615 an
1127 3577 1188 3614 non
1200 3557 1292 3612 etism
1304 3553 1368 3612 leae

254 3659 371 3716 racina
393 3669 421 3716 et
440 3679 562 3718 carmen
582 3661 764 3742 quandoque
781 3665 890 3721 urruns
902 3672 1049 3720 uastabis
1059 3657 1277 3738 crepusculum
1289 3655 1371 3714 en't?

255 3771 369 3820 atvero
382 3761 589 3842 longaplures
603 3773 673 3822 sunt
687 3785 814 3844 opernm
830 3765 952 3826 Pisidae
971 3764 1106 3839 codices,
1136 3764 1190 3844 qui
1206 3763 1240 3818 in
1253 3758 1368 3818 biblio-

255 3859 351 3922 thecis
366 3873 449 3922 extra
463 3865 584 3924 Italiam
598 3877 736 3926 exstant:
763 3889 836 3928 nam
853 3872 887 3927 in
907 3871 973 3930 sola
994 3870 1078 3947 regia
1092 3864 1275 3937 Porisiensi‚
1305 3881 1368 3942 qua

253 3959 339 4025 nulla
352 3978 421 4047 post
433 3969 610 4029 vaticanam
625 3971 715 4048 plane
733 3971 823 4032 ditior
837 3984 898 4049 est,
928 3975 1063 4054 quinque
1078 3977 1150 4028 sunt
1166 3963 1302 4040 codices,
1332 3972 1368 4021 nt

254 4079 390 4149 pstetex
403 4071 549 4151 catalogo,
565 4070 793 4152 videlicet854‚
818 4079 909 4151 1277,
935 4079 1027 4149 1802,
1049 4073 1144 4146 2831,
1168 4071 1263 4145 2871,
1285 4069 1367 4124 iam·

254 4171 321 4232 bica
341 4177 473 4236 cannino
489 4177 522 4234 in
537 4175 762 4248 Hexai’meron,
776 4180 840 4238 sire
856 4176 894 4235 de
910 4175 1029 4254 opificio
1042 4173 1151 4232 mundi
1161 4170 1368 4250 complecten-

254 4285 299 4336 tes
315 4277 370 4338 rub
386 4287 489 4358 aperto
505 4281 629 4338 nornine
644 4277 777 4339 Pisidae.
821 4277 877 4338 sed
891 4275 1007 4338 ibidem
1024 4278 1077 4338 aiii
1091 4278 1226 4359 quinque
1244 4279 1367 4334 exstant

1113 4556 1127 4588 l
