<?xml version="1.0" encoding="UTF-8"?>
<!DOCTYPE html PUBLIC "-//W3C//DTD XHTML 1.0 Transitional//EN"
    "http://www.w3.org/TR/xhtml1/DTD/xhtml1-transitional.dtd">
<html xmlns="http://www.w3.org/1999/xhtml" xml:lang="en" lang="en">
 <head>
  <title>
</title>
<meta http-equiv="Content-Type" content="text/html;charset=utf-8" />
  <meta name='ocr-system' content='tesseract 3.04.00' />
  <meta name='ocr-capabilities' content='ocr_page ocr_carea ocr_par ocr_line ocrx_word'/>
</head>
<body>
  <div class='ocr_page' id='page_1' title='image "./corpusscriptoru37niebgoog_0546.png"; bbox 0 0 3000 4850; ppageno 0'>
   <div class='ocr_carea' id='block_1_1' title="bbox 233 323 874 403">
    <p class='ocr_par' dir='ltr' id='par_1_1' title="bbox 233 323 874 403">
     <span class='ocr_line' id='line_1_1' title="bbox 233 323 874 403; baseline -0.014 0"><span class='ocrx_word' id='word_1_1' title='bbox 233 328 307 403; x_wconf 75' lang='lat'>126</span> <span class='ocrx_word' id='word_1_2' title='bbox 699 323 874 395; x_wconf 78' lang='lat' dir='ltr'>PETthl</span> 
     </span>
    </p>
   </div>
   <div class='ocr_carea' id='block_1_2' title="bbox 225 490 1340 2264">
    <p class='ocr_par' dir='ltr' id='par_1_2' title="bbox 225 490 1340 2264">
     <span class='ocr_line' id='line_1_2' title="bbox 230 490 1338 575; baseline 0.001 -22"><span class='ocrx_word' id='word_1_3' title='bbox 230 490 354 575; x_wconf 85' lang='lat' dir='ltr'>pasche,</span> <span class='ocrx_word' id='word_1_4' title='bbox 377 492 462 575; x_wconf 87' lang='lat' dir='ltr'>cyclo</span> <span class='ocrx_word' id='word_1_5' title='bbox 479 490 553 551; x_wconf 87' lang='lat' dir='ltr'>solis</span> <span class='ocrx_word' id='word_1_6' title='bbox 565 490 702 552; x_wconf 80' lang='lat' dir='ltr'>Romano</span> <span class='ocrx_word' id='word_1_7' title='bbox 718 494 778 568; x_wconf 76' lang='lat'>22,</span> <span class='ocrx_word' id='word_1_8' title='bbox 798 490 846 551; x_wconf 88' lang='lat' dir='ltr'>lit.</span> <span class='ocrx_word' id='word_1_9' title='bbox 858 493 904 567; x_wconf 77' lang='lat' dir='ltr'>A3</span> <span class='ocrx_word' id='word_1_10' title='bbox 936 500 1111 573; x_wconf 72' lang='lat' dir='ltr'>pentecoste</span> <span class='ocrx_word' id='word_1_11' title='bbox 1121 510 1195 554; x_wconf 79' lang='lat' dir='ltr'>sero</span> <span class='ocrx_word' id='word_1_12' title='bbox 1211 492 1291 553; x_wconf 88' lang='lat' dir='ltr'>Iunii</span> <span class='ocrx_word' id='word_1_13' title='bbox 1303 492 1338 572; x_wconf 79' lang='grc'>4,</span> 
     </span>
     <span class='ocr_line' id='line_1_3' title="bbox 231 575 1339 661; baseline -0.001 -22"><span class='ocrx_word' id='word_1_14' title='bbox 231 582 322 659; x_wconf 88' lang='lat' dir='ltr'>longe</span> <span class='ocrx_word' id='word_1_15' title='bbox 338 590 405 659; x_wconf 84' lang='lat' dir='ltr'>post</span> <span class='ocrx_word' id='word_1_16' title='bbox 420 583 459 644; x_wconf 78' lang='lat'>12</span> <span class='ocrx_word' id='word_1_17' title='bbox 474 580 558 636; x_wconf 85' lang='lat' dir='ltr'>Maii.</span> <span class='ocrx_word' id='word_1_18' title='bbox 602 575 656 637; x_wconf 89' lang='lat' dir='ltr'>sed</span> <span class='ocrx_word' id='word_1_19' title='bbox 673 597 774 659; x_wconf 90' lang='lat' dir='ltr'>neque</span> <span class='ocrx_word' id='word_1_20' title='bbox 797 588 865 637; x_wconf 86' lang='lat' dir='ltr'>ente</span> <span class='ocrx_word' id='word_1_21' title='bbox 879 576 962 638; x_wconf 88' lang='lat' dir='ltr'>hunc</span> <span class='ocrx_word' id='word_1_22' title='bbox 977 598 1108 655; x_wconf 89' lang='lat' dir='ltr'>annum,</span> <span class='ocrx_word' id='word_1_23' title='bbox 1127 588 1339 661; x_wconf 72' lang='lat' dir='ltr'><strong>praeterquam</strong></span> 
     </span>
     <span class='ocr_line' id='line_1_4' title="bbox 232 664 1339 745; baseline -0.001 -20"><span class='ocrx_word' id='word_1_24' title='bbox 232 686 261 725; x_wconf 88' lang='lat' dir='ltr'>a.</span> <span class='ocrx_word' id='word_1_25' title='bbox 279 666 357 742; x_wconf 75' lang='lat'>642,</span> <span class='ocrx_word' id='word_1_26' title='bbox 379 672 551 745; x_wconf 72' lang='lat' dir='ltr'>pentecoste</span> <span class='ocrx_word' id='word_1_27' title='bbox 567 665 599 721; x_wconf 92' lang='lat' dir='ltr'>in</span> <span class='ocrx_word' id='word_1_28' title='bbox 614 664 688 722; x_wconf 83' lang='lat' dir='ltr'>Maii</span> <span class='ocrx_word' id='word_1_29' title='bbox 707 667 746 727; x_wconf 83' lang='lat'>12</span> <span class='ocrx_word' id='word_1_30' title='bbox 760 664 904 739; x_wconf 79' lang='lat' dir='ltr'>incurrit,</span> <span class='ocrx_word' id='word_1_31' title='bbox 924 683 1026 745; x_wconf 87' lang='lat' dir='ltr'>neque</span> <span class='ocrx_word' id='word_1_32' title='bbox 1038 674 1124 745; x_wconf 84' lang='lat' dir='ltr'>post,</span> <span class='ocrx_word' id='word_1_33' title='bbox 1144 665 1204 724; x_wconf 89' lang='lat' dir='ltr'>nisi</span> <span class='ocrx_word' id='word_1_34' title='bbox 1221 674 1339 724; x_wconf 79' lang='lat' dir='ltr'>numm</span> 
     </span>
     <span class='ocr_line' id='line_1_5' title="bbox 231 746 1340 830; baseline -0.002 -19"><span class='ocrx_word' id='word_1_35' title='bbox 231 772 260 811; x_wconf 88' lang='lat' dir='ltr'>a.</span> <span class='ocrx_word' id='word_1_36' title='bbox 278 753 359 827; x_wconf 83' lang='lat'>726,</span> <span class='ocrx_word' id='word_1_37' title='bbox 392 759 426 809; x_wconf 86' lang='lat' dir='ltr'>ut</span> <span class='ocrx_word' id='word_1_38' title='bbox 440 768 480 809; x_wconf 83' lang='lat' dir='ltr'>ex</span> <span class='ocrx_word' id='word_1_39' title='bbox 496 746 599 807; x_wconf 83' lang='lat' dir='ltr'>Bedue</span> <span class='ocrx_word' id='word_1_40' title='bbox 614 768 649 807; x_wconf 88' lang='lat' dir='ltr'>ac</span> <span class='ocrx_word' id='word_1_41' title='bbox 662 749 802 829; x_wconf 81' lang='lat' dir='ltr'>Dionysii</span> <span class='ocrx_word' id='word_1_42' title='bbox 818 750 910 830; x_wconf 84' lang='lat' dir='ltr'>cyclis</span> <span class='ocrx_word' id='word_1_43' title='bbox 925 750 1090 829; x_wconf 84' lang='lat' dir='ltr'>intelliges.</span> <span class='ocrx_word' id='word_1_44' title='bbox 1132 748 1260 829; x_wconf 81' lang='lat' dir='ltr'>proinde</span> <span class='ocrx_word' id='word_1_45' title='bbox 1276 750 1340 809; x_wconf 88' lang='lat' dir='ltr'>fal-</span> 
     </span>
     <span class='ocr_line' id='line_1_6' title="bbox 230 831 1338 916; baseline -0.003 -19"><span class='ocrx_word' id='word_1_46' title='bbox 230 856 299 897; x_wconf 83' lang='lat' dir='ltr'>sum</span> <span class='ocrx_word' id='word_1_47' title='bbox 311 831 348 897; x_wconf 83' lang='lat' dir='ltr'>sci</span> <span class='ocrx_word' id='word_1_48' title='bbox 362 832 506 916; x_wconf 72' lang='grc' dir='ltr'>γενέθλια</span> <span class='ocrx_word' id='word_1_49' title='bbox 521 834 650 914; x_wconf 81' lang='lat' dir='ltr'>Cpolecs</span> <span class='ocrx_word' id='word_1_50' title='bbox 669 836 702 893; x_wconf 89' lang='lat' dir='ltr'>in</span> <span class='ocrx_word' id='word_1_51' title='bbox 722 834 882 894; x_wconf 76' lang='lat' dir='ltr'>sabbatum</span> <span class='ocrx_word' id='word_1_52' title='bbox 902 845 972 897; x_wconf 89' lang='lat' dir='ltr'>ante</span> <span class='ocrx_word' id='word_1_53' title='bbox 985 844 1180 915; x_wconf 70' lang='lat' dir='ltr'>pentecosten</span> <span class='ocrx_word' id='word_1_54' title='bbox 1194 833 1338 912; x_wconf 80' lang='lat' dir='ltr'>incidere,</span> 
     </span>
     <span class='ocr_line' id='line_1_7' title="bbox 230 916 1339 1001; baseline -0.001 -19"><span class='ocrx_word' id='word_1_55' title='bbox 230 932 266 982; x_wconf 88' lang='lat' dir='ltr'>ut</span> <span class='ocrx_word' id='word_1_56' title='bbox 292 922 398 980; x_wconf 83' lang='lat' dir='ltr'>usserit</span> <span class='ocrx_word' id='word_1_57' title='bbox 419 921 496 979; x_wconf 82' lang='lat' dir='ltr'>falso</span> <span class='ocrx_word' id='word_1_58' title='bbox 515 916 626 979; x_wconf 86' lang='lat' dir='ltr'>Sethns</span> <span class='ocrx_word' id='word_1_59' title='bbox 643 920 810 981; x_wconf 75' lang='lat' dir='ltr'>calvisius:</span> <span class='ocrx_word' id='word_1_60' title='bbox 837 920 952 1001; x_wconf 72' lang='lat' dir='ltr'>alioqui</span> <span class='ocrx_word' id='word_1_61' title='bbox 969 918 1082 1001; x_wconf 85' lang='lat' dir='ltr'>pasche</span> <span class='ocrx_word' id='word_1_62' title='bbox 1097 920 1141 985; x_wconf 78' lang='lat'>24</span> <span class='ocrx_word' id='word_1_63' title='bbox 1154 922 1257 979; x_wconf 83' lang='lat' dir='ltr'>liertii</span> <span class='ocrx_word' id='word_1_64' title='bbox 1272 940 1339 981; x_wconf 87' lang='lat' dir='ltr'>essa</span> 
     </span>
     <span class='ocr_line' id='line_1_8' title="bbox 230 1002 1339 1089; baseline -0.001 -23"><span class='ocrx_word' id='word_1_65' title='bbox 230 1006 345 1083; x_wconf 85' lang='lat' dir='ltr'>debuit,</span> <span class='ocrx_word' id='word_1_66' title='bbox 368 1003 451 1089; x_wconf 90' lang='lat' dir='ltr'>quod</span> <span class='ocrx_word' id='word_1_67' title='bbox 467 1015 513 1066; x_wconf 90' lang='lat' dir='ltr'>est</span> <span class='ocrx_word' id='word_1_68' title='bbox 527 1002 788 1064; x_wconf 77' lang='lat' dir='ltr'>absurdIssimum.</span> <span class='ocrx_word' id='word_1_69' title='bbox 811 1004 893 1085; x_wconf 89' lang='lat' dir='ltr'>quod</span> <span class='ocrx_word' id='word_1_70' title='bbox 907 1025 978 1065; x_wconf 84' lang='lat' dir='ltr'>vero</span> <span class='ocrx_word' id='word_1_71' title='bbox 993 1002 1217 1085; x_wconf 73' lang='lat' dir='ltr'>Theophanem</span> <span class='ocrx_word' id='word_1_72' title='bbox 1229 1015 1339 1066; x_wconf 86' lang='lat' dir='ltr'>testem</span> 
     </span>
     <span class='ocr_line' id='line_1_9' title="bbox 228 1088 1339 1171; baseline -0.004 -19"><span class='ocrx_word' id='word_1_73' title='bbox 228 1094 383 1168; x_wconf 82' lang='lat' dir='ltr'>nominet,</span> <span class='ocrx_word' id='word_1_74' title='bbox 410 1092 482 1150; x_wconf 81' lang='lat' dir='ltr'>sutis</span> <span class='ocrx_word' id='word_1_75' title='bbox 498 1088 581 1171; x_wconf 90' lang='lat' dir='ltr'>quod</span> <span class='ocrx_word' id='word_1_76' title='bbox 594 1092 681 1150; x_wconf 91' lang='lat' dir='ltr'>initio</span> <span class='ocrx_word' id='word_1_77' title='bbox 699 1089 813 1150; x_wconf 89' lang='lat' dir='ltr'>dictum</span> <span class='ocrx_word' id='word_1_78' title='bbox 826 1101 872 1151; x_wconf 89' lang='lat' dir='ltr'>est</span> <span class='ocrx_word' id='word_1_79' title='bbox 883 1088 1032 1166; x_wconf 75' lang='lat' dir='ltr'>ostendit,</span> <span class='ocrx_word' id='word_1_80' title='bbox 1060 1111 1094 1151; x_wconf 86' lang='lat' dir='ltr'>se</span> <span class='ocrx_word' id='word_1_81' title='bbox 1106 1092 1267 1151; x_wconf 84' lang='lat' dir='ltr'>oscitanter</span> <span class='ocrx_word' id='word_1_82' title='bbox 1280 1088 1339 1149; x_wconf 84' lang='lat' dir='ltr'>ad·</span> 
     </span>
     <span class='ocr_line' id='line_1_10' title="bbox 228 1174 1338 1258; baseline -0.004 -20"><span class='ocrx_word' id='word_1_83' title='bbox 228 1175 356 1238; x_wconf 84' lang='lat' dir='ltr'>modurn</span> <span class='ocrx_word' id='word_1_84' title='bbox 384 1178 417 1234; x_wconf 90' lang='lat' dir='ltr'>iu</span> <span class='ocrx_word' id='word_1_85' title='bbox 445 1176 642 1235; x_wconf 88' lang='lat' dir='ltr'>illustrissimi</span> <span class='ocrx_word' id='word_1_86' title='bbox 664 1177 789 1235; x_wconf 81' lang='lat' dir='ltr'>Beronii</span> <span class='ocrx_word' id='word_1_87' title='bbox 805 1177 990 1251; x_wconf 82' lang='lat' dir='ltr'>Annalibus,</span> <span class='ocrx_word' id='word_1_88' title='bbox 1022 1195 1102 1258; x_wconf 81' lang='lat' dir='ltr'>quse</span> <span class='ocrx_word' id='word_1_89' title='bbox 1124 1174 1338 1254; x_wconf 85' lang='lat' dir='ltr'>chronologiae</span> 
     </span>
     <span class='ocr_line' id='line_1_11' title="bbox 230 1261 1339 1342; baseline -0.003 -20"><span class='ocrx_word' id='word_1_90' title='bbox 230 1264 314 1322; x_wconf 88' lang='lat' dir='ltr'>illius</span> <span class='ocrx_word' id='word_1_91' title='bbox 328 1262 417 1321; x_wconf 82' lang='lat' dir='ltr'>unice</span> <span class='ocrx_word' id='word_1_92' title='bbox 431 1280 518 1340; x_wconf 84' lang='lat' dir='ltr'>seges</span> <span class='ocrx_word' id='word_1_93' title='bbox 532 1270 588 1337; x_wconf 91' lang='lat' dir='ltr'>est,</span> <span class='ocrx_word' id='word_1_94' title='bbox 610 1262 791 1342; x_wconf 86' lang='lat' dir='ltr'>scriptorum</span> <span class='ocrx_word' id='word_1_95' title='bbox 804 1262 871 1321; x_wconf 90' lang='lat' dir='ltr'>loca</span> <span class='ocrx_word' id='word_1_96' title='bbox 883 1282 1067 1342; x_wconf 87' lang='lat' dir='ltr'>percurrere.</span> <span class='ocrx_word' id='word_1_97' title='bbox 1088 1262 1153 1321; x_wconf 87' lang='lat' dir='ltr'>illic</span> <span class='ocrx_word' id='word_1_98' title='bbox 1168 1262 1252 1320; x_wconf 85' lang='lat' dir='ltr'>enim</span> <span class='ocrx_word' id='word_1_99' title='bbox 1265 1261 1339 1320; x_wconf 88' lang='lat' dir='ltr'>sab·</span> 
     </span>
     <span class='ocr_line' id='line_1_12' title="bbox 225 1340 1338 1428; baseline -0.003 -20"><span class='ocrx_word' id='word_1_100' title='bbox 225 1340 334 1409; x_wconf 78' lang='lat' dir='ltr'>&#39;batum</span> <span class='ocrx_word' id='word_1_101' title='bbox 348 1348 441 1407; x_wconf 85' lang='lat' dir='ltr'>fuisse</span> <span class='ocrx_word' id='word_1_102' title='bbox 458 1346 567 1406; x_wconf 87' lang='lat' dir='ltr'>dicitur</span> <span class='ocrx_word' id='word_1_103' title='bbox 585 1348 669 1407; x_wconf 85' lang='lat' dir='ltr'>cuius</span> <span class='ocrx_word' id='word_1_104' title='bbox 680 1344 827 1427; x_wconf 87' lang='lat' dir='ltr'>postridie</span> <span class='ocrx_word' id='word_1_105' title='bbox 839 1358 1012 1427; x_wconf 75' lang='lat' dir='ltr'>pentecoste</span> <span class='ocrx_word' id='word_1_106' title='bbox 1028 1347 1128 1421; x_wconf 82' lang='lat' dir='ltr'>fuerit,</span> <span class='ocrx_word' id='word_1_107' title='bbox 1152 1344 1338 1428; x_wconf 85' lang='lat' dir='ltr'>quodetiam</span> 
     </span>
     <span class='ocr_line' id='line_1_13' title="bbox 229 1426 1338 1513; baseline -0.003 -20"><span class='ocrx_word' id='word_1_108' title='bbox 229 1436 364 1493; x_wconf 79' lang='lat' dir='ltr'>Zonaras</span> <span class='ocrx_word' id='word_1_109' title='bbox 378 1451 414 1490; x_wconf 87' lang='lat' dir='ltr'>cc</span> <span class='ocrx_word' id='word_1_110' title='bbox 427 1430 581 1491; x_wconf 77' lang='lat' dir='ltr'>cedrenus</span> <span class='ocrx_word' id='word_1_111' title='bbox 596 1428 715 1492; x_wconf 89' lang='lat' dir='ltr'>docent.</span> <span class='ocrx_word' id='word_1_112' title='bbox 759 1442 892 1492; x_wconf 89' lang='lat' dir='ltr'>ceterum</span> <span class='ocrx_word' id='word_1_113' title='bbox 900 1426 1100 1513; x_wconf 74' lang='lat' dir='ltr'>Theophanis</span> <span class='ocrx_word' id='word_1_114' title='bbox 1112 1434 1169 1491; x_wconf 88' lang='lat' dir='ltr'>iste</span> <span class='ocrx_word' id='word_1_115' title='bbox 1184 1432 1269 1491; x_wconf 88' lang='lat' dir='ltr'>locus</span> <span class='ocrx_word' id='word_1_116' title='bbox 1280 1433 1338 1490; x_wconf 86' lang='lat' dir='ltr'>iis-</span> 
     </span>
     <span class='ocr_line' id='line_1_14' title="bbox 230 1517 1337 1600; baseline -0.003 -22"><span class='ocrx_word' id='word_1_117' title='bbox 230 1517 302 1578; x_wconf 88' lang='lat' dir='ltr'>dem</span> <span class='ocrx_word' id='word_1_118' title='bbox 316 1520 350 1577; x_wconf 92' lang='lat' dir='ltr'>in</span> <span class='ocrx_word' id='word_1_119' title='bbox 363 1517 532 1578; x_wconf 74' lang='lat' dir='ltr'>Annalibus</span> <span class='ocrx_word' id='word_1_120' title='bbox 554 1536 595 1576; x_wconf 85' lang='lat' dir='ltr'>ex</span> <span class='ocrx_word' id='word_1_121' title='bbox 607 1518 744 1577; x_wconf 81' lang='lat' dir='ltr'>Miscelle</span> <span class='ocrx_word' id='word_1_122' title='bbox 755 1519 935 1600; x_wconf 72' lang='lat' dir='ltr'>perobscura</span> <span class='ocrx_word' id='word_1_123' title='bbox 953 1517 1087 1578; x_wconf 82' lang='lat' dir='ltr'>redditus</span> <span class='ocrx_word' id='word_1_124' title='bbox 1100 1527 1156 1577; x_wconf 88' lang='lat' dir='ltr'>est.</span> <span class='ocrx_word' id='word_1_125' title='bbox 1199 1520 1337 1596; x_wconf 79' lang='lat' dir='ltr'>circoque</span> 
     </span>
     <span class='ocr_line' id='line_1_15' title="bbox 231 1602 1336 1683; baseline -0.004 -20"><span class='ocrx_word' id='word_1_126' title='bbox 231 1602 391 1675; x_wconf 66' lang='lat' dir='ltr'>mulien,</span> <span class='ocrx_word' id='word_1_127' title='bbox 410 1604 520 1683; x_wconf 88' lang='lat' dir='ltr'>inquit,</span> <span class='ocrx_word' id='word_1_128' title='bbox 543 1622 613 1663; x_wconf 81' lang='lat' dir='ltr'>cum</span> <span class='ocrx_word' id='word_1_129' title='bbox 625 1604 753 1663; x_wconf 80' lang='lat' dir='ltr'>Prceirss&#39;</span> <span class='ocrx_word' id='word_1_130' title='bbox 765 1605 914 1663; x_wconf 73' lang='lat' dir='ltr'>vics&#39;esenn</span> <span class='ocrx_word' id='word_1_131' title='bbox 957 1624 1016 1664; x_wconf 89' lang='lat' dir='ltr'>nec</span> <span class='ocrx_word' id='word_1_132' title='bbox 1028 1606 1129 1663; x_wconf 88' lang='lat' dir='ltr'>minus</span> <span class='ocrx_word' id='word_1_133' title='bbox 1142 1602 1258 1661; x_wconf 78' lang='lat' dir='ltr'>Graece</span> <span class='ocrx_word' id='word_1_134' title='bbox 1268 1604 1336 1682; x_wconf 88' lang='lat' dir='ltr'>ipsa</span> 
     </span>
     <span class='ocr_line' id='line_1_16' title="bbox 231 1685 1336 1771; baseline -0.001 -23"><span class='ocrx_word' id='word_1_135' title='bbox 231 1690 390 1771; x_wconf 81' lang='lat' dir='ltr'>perplexa.</span> <span class='ocrx_word' id='word_1_136' title='bbox 415 1706 542 1769; x_wconf 87' lang='lat' dir='ltr'>quorum</span> <span class='ocrx_word' id='word_1_137' title='bbox 556 1698 659 1747; x_wconf 81' lang='lat' dir='ltr'>tumen</span> <span class='ocrx_word' id='word_1_138' title='bbox 672 1708 778 1749; x_wconf 88' lang='lat' dir='ltr'>sensns</span> <span class='ocrx_word' id='word_1_139' title='bbox 792 1700 838 1749; x_wconf 87' lang='lat' dir='ltr'>est</span> <span class='ocrx_word' id='word_1_140' title='bbox 851 1690 878 1749; x_wconf 91' lang='lat' dir='ltr'>is</span> <span class='ocrx_word' id='word_1_141' title='bbox 889 1708 982 1771; x_wconf 88' lang='lat' dir='ltr'>quem</span> <span class='ocrx_word' id='word_1_142' title='bbox 998 1708 1040 1749; x_wconf 81' lang='lat' dir='ltr'>ex</span> <span class='ocrx_word' id='word_1_143' title='bbox 1052 1685 1222 1769; x_wconf 80' lang='lat' dir='ltr'>Nicephosu</span> <span class='ocrx_word' id='word_1_144' title='bbox 1232 1698 1336 1748; x_wconf 85' lang='lat' dir='ltr'>nostro</span> 
     </span>
     <span class='ocr_line' id='line_1_17' title="bbox 232 1770 1336 1855; baseline -0.002 -21"><span class='ocrx_word' id='word_1_145' title='bbox 232 1776 419 1854; x_wconf 82' lang='lat' dir='ltr'>colligimus,</span> <span class='ocrx_word' id='word_1_146' title='bbox 443 1774 539 1833; x_wconf 90' lang='lat' dir='ltr'>natali</span> <span class='ocrx_word' id='word_1_147' title='bbox 550 1772 632 1834; x_wconf 88' lang='lat' dir='ltr'>urbis</span> <span class='ocrx_word' id='word_1_148' title='bbox 648 1784 787 1855; x_wconf 88' lang='lat' dir='ltr'>equestre</span> <span class='ocrx_word' id='word_1_149' title='bbox 803 1785 954 1835; x_wconf 88' lang='lat' dir='ltr'>certamen</span> <span class='ocrx_word' id='word_1_150' title='bbox 969 1794 1035 1835; x_wconf 87' lang='lat' dir='ltr'>esse</span> <span class='ocrx_word' id='word_1_151' title='bbox 1048 1776 1253 1835; x_wconf 83' lang='lat' dir='ltr'>commissum.</span> <span class='ocrx_word' id='word_1_152' title='bbox 1279 1770 1336 1833; x_wconf 89' lang='lat' dir='ltr'>sed</span> 
     </span>
     <span class='ocr_line' id='line_1_18' title="bbox 230 1856 1337 1943; baseline -0.003 -24"><span class='ocrx_word' id='word_1_153' title='bbox 230 1871 324 1943; x_wconf 91' lang='lat' dir='ltr'>quoto</span> <span class='ocrx_word' id='word_1_154' title='bbox 339 1857 463 1919; x_wconf 88' lang='lat' dir='ltr'>demum</span> <span class='ocrx_word' id='word_1_155' title='bbox 479 1878 557 1919; x_wconf 83' lang='lat' dir='ltr'>nnnc</span> <span class='ocrx_word' id='word_1_156' title='bbox 576 1856 646 1919; x_wconf 81' lang='lat' dir='ltr'>datu</span> <span class='ocrx_word' id='word_1_157' title='bbox 659 1860 714 1919; x_wconf 90' lang='lat' dir='ltr'>illa</span> <span class='ocrx_word' id='word_1_158' title='bbox 726 1860 868 1920; x_wconf 78' lang='lat' dir='ltr'>natalicia</span> <span class='ocrx_word' id='word_1_159' title='bbox 882 1858 974 1920; x_wconf 85' lang='lat' dir='ltr'>suut&#39;l</span> <span class='ocrx_word' id='word_1_160' title='bbox 995 1862 1022 1921; x_wconf 85' lang='lat' dir='ltr'>si</span> <span class='ocrx_word' id='word_1_161' title='bbox 1036 1860 1119 1920; x_wconf 88' lang='lat' dir='ltr'>urbis</span> <span class='ocrx_word' id='word_1_162' title='bbox 1131 1880 1165 1918; x_wconf 88' lang='lat' dir='ltr'>re</span> <span class='ocrx_word' id='word_1_163' title='bbox 1178 1878 1251 1918; x_wconf 82' lang='lat' dir='ltr'>vera</span> <span class='ocrx_word' id='word_1_164' title='bbox 1265 1859 1337 1917; x_wconf 79' lang='lat' dir='ltr'>tue·</span> 
     </span>
     <span class='ocr_line' id='line_1_19' title="bbox 230 1942 1336 2026; baseline -0.004 -20"><span class='ocrx_word' id='word_1_165' title='bbox 230 1954 310 2022; x_wconf 84' lang='lat' dir='ltr'>runt,</span> <span class='ocrx_word' id='word_1_166' title='bbox 335 1942 373 2004; x_wconf 92' lang='lat' dir='ltr'>de</span> <span class='ocrx_word' id='word_1_167' title='bbox 389 1954 561 2026; x_wconf 87' lang='lat' dir='ltr'>pentecoste</span> <span class='ocrx_word' id='word_1_168' title='bbox 573 1945 697 2005; x_wconf 76' lang='lat' dir='ltr'>falsum.</span> <span class='ocrx_word' id='word_1_169' title='bbox 739 1943 811 2005; x_wconf 86' lang='lat' dir='ltr'>vide</span> <span class='ocrx_word' id='word_1_170' title='bbox 825 1945 919 2025; x_wconf 85' lang='lat' dir='ltr'>igitur</span> <span class='ocrx_word' id='word_1_171' title='bbox 934 1966 974 2005; x_wconf 85' lang='lat' dir='ltr'>cn</span> <span class='ocrx_word' id='word_1_172' title='bbox 988 1944 1152 2025; x_wconf 89' lang='lat' dir='ltr'>Philippici</span> <span class='ocrx_word' id='word_1_173' title='bbox 1167 1946 1262 2025; x_wconf 88' lang='lat' dir='ltr'>ipsius</span> <span class='ocrx_word' id='word_1_174' title='bbox 1276 1962 1336 2002; x_wconf 85' lang='lat' dir='ltr'>na-</span> 
     </span>
     <span class='ocr_line' id='line_1_20' title="bbox 229 2028 1336 2113; baseline -0.003 -23"><span class='ocrx_word' id='word_1_175' title='bbox 229 2032 300 2090; x_wconf 89' lang='lat' dir='ltr'>talis</span> <span class='ocrx_word' id='word_1_176' title='bbox 314 2028 378 2091; x_wconf 84' lang='lat' dir='ltr'>dies</span> <span class='ocrx_word' id='word_1_177' title='bbox 391 2030 499 2105; x_wconf 87' lang='lat' dir='ltr'>fuerit,</span> <span class='ocrx_word' id='word_1_178' title='bbox 528 2031 581 2111; x_wconf 87' lang='lat' dir='ltr'>qui</span> <span class='ocrx_word' id='word_1_179' title='bbox 598 2048 667 2090; x_wconf 90' lang='lat' dir='ltr'>cum</span> <span class='ocrx_word' id='word_1_180' title='bbox 678 2030 795 2112; x_wconf 75' lang='lat' dir='ltr'>aliquot</span> <span class='ocrx_word' id='word_1_181' title='bbox 809 2029 916 2091; x_wconf 87' lang='lat' dir='ltr'>diebus</span> <span class='ocrx_word' id='word_1_182' title='bbox 931 2041 999 2113; x_wconf 80' lang='lat' dir='ltr'>post</span> <span class='ocrx_word' id='word_1_183' title='bbox 1011 2032 1145 2091; x_wconf 85' lang='lat' dir='ltr'>natalem</span> <span class='ocrx_word' id='word_1_184' title='bbox 1158 2030 1242 2089; x_wconf 87' lang='lat' dir='ltr'>urbis</span> <span class='ocrx_word' id='word_1_185' title='bbox 1256 2030 1336 2087; x_wconf 89' lang='lat' dir='ltr'>inci-</span> 
     </span>
     <span class='ocr_line' id='line_1_21' title="bbox 230 2112 1337 2194; baseline -0.001 -18"><span class='ocrx_word' id='word_1_186' title='bbox 230 2114 339 2192; x_wconf 88' lang='lat' dir='ltr'>disset,</span> <span class='ocrx_word' id='word_1_187' title='bbox 361 2117 441 2175; x_wconf 88' lang='lat' dir='ltr'>Iunii</span> <span class='ocrx_word' id='word_1_188' title='bbox 455 2112 597 2177; x_wconf 80' lang='lat' dir='ltr'>videlicet</span> <span class='ocrx_word' id='word_1_189' title='bbox 608 2116 645 2194; x_wconf 78' lang='grc'>8,</span> <span class='ocrx_word' id='word_1_190' title='bbox 666 2116 757 2178; x_wconf 77' lang='lat' dir='ltr'>ambo</span> <span class='ocrx_word' id='word_1_191' title='bbox 770 2116 819 2177; x_wconf 82' lang='lat' dir='ltr'>illi</span> <span class='ocrx_word' id='word_1_192' title='bbox 831 2116 898 2179; x_wconf 86' lang='lat' dir='ltr'>dies</span> <span class='ocrx_word' id='word_1_193' title='bbox 912 2118 947 2177; x_wconf 88' lang='lat' dir='ltr'>in</span> <span class='ocrx_word' id='word_1_194' title='bbox 961 2136 1058 2179; x_wconf 86' lang='lat' dir='ltr'>unum</span> <span class='ocrx_word' id='word_1_195' title='bbox 1069 2117 1108 2177; x_wconf 86' lang='lat' dir='ltr'>ab</span> <span class='ocrx_word' id='word_1_196' title='bbox 1122 2114 1274 2177; x_wconf 79' lang='lat' dir='ltr'>historicis</span> <span class='ocrx_word' id='word_1_197' title='bbox 1286 2124 1337 2175; x_wconf 84' lang='lat' dir='ltr'>te·</span> 
     </span>
     <span class='ocr_line' id='line_1_22' title="bbox 229 2202 547 2264; baseline 0.006 -3"><span class='ocrx_word' id='word_1_198' title='bbox 229 2220 313 2263; x_wconf 87' lang='lat' dir='ltr'>mere</span> <span class='ocrx_word' id='word_1_199' title='bbox 327 2202 449 2263; x_wconf 75' lang='lat' dir='ltr'>conflati</span> <span class='ocrx_word' id='word_1_200' title='bbox 464 2211 547 2264; x_wconf 86' lang='lat' dir='ltr'>sunt.</span> 
     </span>
    </p>
   </div>
   <div class='ocr_carea' id='block_1_3' title="bbox 226 2330 1337 2756">
    <p class='ocr_par' dir='ltr' id='par_1_3' title="bbox 226 2330 1337 2756">
     <span class='ocr_line' id='line_1_23' title="bbox 312 2330 1337 2419; baseline -0.006 -20"><span class='ocrx_word' id='word_1_201' title='bbox 312 2354 346 2415; x_wconf 81' lang='lat' dir='ltr'>p·</span> <span class='ocrx_word' id='word_1_202' title='bbox 358 2332 401 2401; x_wconf 78' lang='lat'>56</span> <span class='ocrx_word' id='word_1_203' title='bbox 415 2354 447 2397; x_wconf 83' lang='lat' dir='ltr'>r.</span> <span class='ocrx_word' id='word_1_204' title='bbox 463 2334 514 2401; x_wconf 81' lang='lat'>16.</span> <span class='ocrx_word' id='word_1_205' title='bbox 535 2330 678 2419; x_wconf 79' lang='lat' dir='ltr'>dssisapos</span> <span class='ocrx_word' id='word_1_206' title='bbox 696 2333 777 2413; x_wconf 74' lang='grc' dir='ltr'><strong><em>ίτνς]</em></strong></span> <span class='ocrx_word' id='word_1_207' title='bbox 797 2335 912 2399; x_wconf 80' lang='lat' dir='ltr'>Peulus</span> <span class='ocrx_word' id='word_1_208' title='bbox 931 2336 1086 2398; x_wconf 80' lang='lat' dir='ltr'>Diaconus</span> <span class='ocrx_word' id='word_1_209' title='bbox 1105 2354 1220 2397; x_wconf 75' lang='lat' dir='ltr'>auum</span> <span class='ocrx_word' id='word_1_210' title='bbox 1236 2350 1337 2394; x_wconf 84' lang='lat' dir='ltr'>nauus</span> 
     </span>
     <span class='ocr_line' id='line_1_24' title="bbox 227 2418 1334 2526; baseline -0.001 -46"><span class='ocrx_word' id='word_1_211' title='bbox 227 2429 259 2480; x_wconf 86' lang='lat' dir='ltr'>et</span> <span class='ocrx_word' id='word_1_212' title='bbox 278 2425 299 2488; x_wconf 87' lang='grc'>6</span> <span class='ocrx_word' id='word_1_213' title='bbox 320 2440 440 2482; x_wconf 87' lang='lat' dir='ltr'>menses</span> <span class='ocrx_word' id='word_1_214' title='bbox 458 2418 630 2526; x_wconf 85' lang='lat' dir='ltr'>Philippico</span> <span class='ocrx_word' id='word_1_215' title='bbox 652 2422 769 2483; x_wconf 85' lang='lat' dir='ltr'>tribuit.</span> <span class='ocrx_word' id='word_1_216' title='bbox 811 2424 922 2505; x_wconf 85' lang='lat' dir='ltr'>reliqui</span> <span class='ocrx_word' id='word_1_217' title='bbox 940 2422 1017 2486; x_wconf 90' lang='lat' dir='ltr'>duos</span> <span class='ocrx_word' id='word_1_218' title='bbox 1030 2443 1137 2485; x_wconf 70' lang='lat' dir='ltr'>annm.</span> <span class='ocrx_word' id='word_1_219' title='bbox 1179 2422 1334 2482; x_wconf 65' lang='lat' dir='ltr'>manasses</span> 
     </span>
     <span class='ocr_line' id='line_1_25' title="bbox 226 2501 1335 2591; baseline -0.003 -21"><span class='ocrx_word' id='word_1_220' title='bbox 226 2504 329 2571; x_wconf 77' lang='lat'><em>41082</em></span> <span class='ocrx_word' id='word_1_221' title='bbox 362 2505 433 2570; x_wconf 78' lang='lat' dir='ltr'>dccl</span> <span class='ocrx_word' id='word_1_222' title='bbox 456 2501 515 2589; x_wconf 72' lang='grc' dir='ltr'>γὰρ</span> <span class='ocrx_word' id='word_1_223' title='bbox 537 2507 757 2589; x_wconf 61' lang='lat' dir='ltr'>percepissem</span> <span class='ocrx_word' id='word_1_224' title='bbox 777 2505 997 2591; x_wconf 75' lang='lat' dir='ltr'>lysdccsoeosl</span> <span class='ocrx_word' id='word_1_225' title='bbox 1018 2508 1157 2589; x_wconf 73' lang='grc' dir='ltr'>στίφους.</span> <span class='ocrx_word' id='word_1_226' title='bbox 1199 2509 1335 2568; x_wconf 76' lang='lat' dir='ltr'>Zonaras</span> 
     </span>
     <span class='ocr_line' id='line_1_26' title="bbox 226 2590 1336 2677; baseline 0.002 -27"><span class='ocrx_word' id='word_1_227' title='bbox 226 2601 346 2670; x_wconf 77' lang='lat' dir='ltr'>praeter</span> <span class='ocrx_word' id='word_1_228' title='bbox 357 2610 452 2651; x_wconf 90' lang='lat' dir='ltr'>annos</span> <span class='ocrx_word' id='word_1_229' title='bbox 467 2590 545 2654; x_wconf 90' lang='lat' dir='ltr'>duos</span> <span class='ocrx_word' id='word_1_230' title='bbox 556 2593 674 2674; x_wconf 87' lang='lat' dir='ltr'>aliquot</span> <span class='ocrx_word' id='word_1_231' title='bbox 686 2612 807 2654; x_wconf 87' lang='lat' dir='ltr'>menses</span> <span class='ocrx_word' id='word_1_232' title='bbox 819 2591 915 2654; x_wconf 90' lang='lat' dir='ltr'>addit.</span> <span class='ocrx_word' id='word_1_233' title='bbox 935 2593 1141 2677; x_wconf 87' lang='lat' dir='ltr'>Theophsnes</span> <span class='ocrx_word' id='word_1_234' title='bbox 1151 2595 1226 2670; x_wconf 54' lang='grc' dir='ltr'>ιλ,</span> <span class='ocrx_word' id='word_1_235' title='bbox 1244 2610 1336 2652; x_wconf 84' lang='lat' dir='ltr'>mess-</span> 
     </span>
     <span class='ocr_line' id='line_1_27' title="bbox 226 2675 961 2756; baseline 0.008 -18"><span class='ocrx_word' id='word_1_236' title='bbox 226 2695 276 2738; x_wconf 89' lang='lat' dir='ltr'>ses</span> <span class='ocrx_word' id='word_1_237' title='bbox 290 2681 322 2742; x_wconf 87' lang='lat'>9.</span> <span class='ocrx_word' id='word_1_238' title='bbox 366 2675 536 2739; x_wconf 77' lang='lat' dir='ltr'>Chronicon</span> <span class='ocrx_word' id='word_1_239' title='bbox 550 2679 657 2738; x_wconf 76' lang='lat' dir='ltr'>cleric.</span> <span class='ocrx_word' id='word_1_240' title='bbox 669 2699 700 2740; x_wconf 85' lang='lat' dir='ltr'>a.</span> <span class='ocrx_word' id='word_1_241' title='bbox 712 2678 850 2756; x_wconf 85' lang='lat' dir='ltr'>totidem,</span> <span class='ocrx_word' id='word_1_242' title='bbox 871 2699 915 2740; x_wconf 83' lang='lat' dir='ltr'>na·</span> <span class='ocrx_word' id='word_1_243' title='bbox 929 2682 961 2745; x_wconf 82' lang='grc'>8.</span> 
     </span>
    </p>
   </div>
   <div class='ocr_carea' id='block_1_4' title="bbox 313 2791 1229 2882">
    <p class='ocr_par' dir='ltr' id='par_1_4' title="bbox 313 2791 1229 2882">
     <span class='ocr_line' id='line_1_28' title="bbox 313 2791 1229 2882; baseline 0.003 -28"><span class='ocrx_word' id='word_1_244' title='bbox 313 2795 356 2856; x_wconf 79' lang='lat' dir='ltr'>ib.</span> <span class='ocrx_word' id='word_1_245' title='bbox 373 2817 405 2857; x_wconf 80' lang='lat' dir='ltr'>r.</span> <span class='ocrx_word' id='word_1_246' title='bbox 420 2801 471 2863; x_wconf 80' lang='lat'>18.</span> <span class='ocrx_word' id='word_1_247' title='bbox 512 2791 667 2882; x_wconf 79' lang='grc' dir='ltr'><strong><em>’Λρτίμιον</em></strong></span> <span class='ocrx_word' id='word_1_248' title='bbox 682 2796 888 2881; x_wconf 64' lang='lat' dir='ltr'>delmati]</span> <span class='ocrx_word' id='word_1_249' title='bbox 906 2797 1119 2860; x_wconf 72' lang='lat' dir='ltr'>commum</span> <span class='ocrx_word' id='word_1_250' title='bbox 1133 2795 1229 2864; x_wconf 76' lang='lat'>4118.</span> 
     </span>
    </p>
   </div>
   <div class='ocr_carea' id='block_1_5' title="bbox 137 2911 1339 4108">
    <p class='ocr_par' dir='ltr' id='par_1_5' title="bbox 227 2911 1339 3365">
     <span class='ocr_line' id='line_1_29' title="bbox 313 2911 1337 3001; baseline -0.007 -21"><span class='ocrx_word' id='word_1_251' title='bbox 313 2934 346 2996; x_wconf 84' lang='lat' dir='ltr'>p·</span> <span class='ocrx_word' id='word_1_252' title='bbox 360 2914 401 2981; x_wconf 83' lang='lat'>56</span> <span class='ocrx_word' id='word_1_253' title='bbox 415 2936 446 2976; x_wconf 82' lang='lat' dir='ltr'>v·</span> <span class='ocrx_word' id='word_1_254' title='bbox 462 2916 513 2982; x_wconf 84' lang='lat'>15.</span> <span class='ocrx_word' id='word_1_255' title='bbox 534 2916 586 2982; x_wconf 78' lang='lat' dir='ltr'>lrrl</span> <span class='ocrx_word' id='word_1_256' title='bbox 597 2914 653 2984; x_wconf 74' lang='grc' dir='ltr'>τᾶν</span> <span class='ocrx_word' id='word_1_257' title='bbox 670 2919 800 2982; x_wconf 73' lang='grc' dir='ltr'><strong><em>Φοίνικα</em></strong></span> <span class='ocrx_word' id='word_1_258' title='bbox 814 2915 1068 3001; x_wconf 64' lang='grc' dir='ltr'><strong><em>ναυπηγησίμων]</em></strong></span> <span class='ocrx_word' id='word_1_259' title='bbox 1090 2915 1271 2999; x_wconf 79' lang='lat' dir='ltr'>depravetur</span> <span class='ocrx_word' id='word_1_260' title='bbox 1283 2911 1337 2974; x_wconf 90' lang='lat' dir='ltr'>hic</span> 
     </span>
     <span class='ocr_line' id='line_1_30' title="bbox 227 2999 1336 3086; baseline -0.001 -26"><span class='ocrx_word' id='word_1_261' title='bbox 227 3000 328 3076; x_wconf 88' lang='lat' dir='ltr'>locus,</span> <span class='ocrx_word' id='word_1_262' title='bbox 352 2999 434 3082; x_wconf 92' lang='lat' dir='ltr'>quod</span> <span class='ocrx_word' id='word_1_263' title='bbox 448 3004 691 3085; x_wconf 77' lang='lat' dir='ltr'>interpretatione</span> <span class='ocrx_word' id='word_1_264' title='bbox 704 3005 771 3086; x_wconf 82' lang='lat' dir='ltr'>ipss</span> <span class='ocrx_word' id='word_1_265' title='bbox 784 3007 954 3086; x_wconf 86' lang='lat' dir='ltr'>exprimere</span> <span class='ocrx_word' id='word_1_266' title='bbox 967 3001 1148 3065; x_wconf 85' lang='lat' dir='ltr'>studuimus.</span> <span class='ocrx_word' id='word_1_267' title='bbox 1170 3004 1336 3064; x_wconf 84' lang='lat' dir='ltr'>verseniur</span> 
     </span>
     <span class='ocr_line' id='line_1_31' title="bbox 229 3085 1339 3173; baseline 0.002 -30"><span class='ocrx_word' id='word_1_268' title='bbox 229 3087 319 3145; x_wconf 88' lang='lat' dir='ltr'>lectio</span> <span class='ocrx_word' id='word_1_269' title='bbox 335 3090 504 3166; x_wconf 83' lang='lat' dir='ltr'>genitivum</span> <span class='ocrx_word' id='word_1_270' title='bbox 517 3091 689 3168; x_wconf 74' lang='lat' dir='ltr'>postulabat</span> <span class='ocrx_word' id='word_1_271' title='bbox 701 3091 952 3173; x_wconf 71' lang='grc' dir='ltr'>ναυπηγησίμων.</span> <span class='ocrx_word' id='word_1_272' title='bbox 996 3088 1134 3161; x_wconf 75' lang='grc' dir='ltr'>ίανόανί,</span> <span class='ocrx_word' id='word_1_273' title='bbox 1154 3089 1271 3170; x_wconf 88' lang='lat' dir='ltr'>inquit,</span> <span class='ocrx_word' id='word_1_274' title='bbox 1291 3085 1339 3145; x_wconf 80' lang='lat' dir='ltr'>ad</span> 
     </span>
     <span class='ocr_line' id='line_1_32' title="bbox 228 3171 1335 3256; baseline 0 -26"><span class='ocrx_word' id='word_1_275' title='bbox 228 3171 414 3232; x_wconf 78' lang='lat' dir='ltr'>caedendam</span> <span class='ocrx_word' id='word_1_276' title='bbox 426 3177 584 3233; x_wconf 62' lang='lat' dir='ltr'>mantem</span> <span class='ocrx_word' id='word_1_277' title='bbox 593 3176 736 3256; x_wconf 80' lang='lat' dir='ltr'>profecti.</span> <span class='ocrx_word' id='word_1_278' title='bbox 782 3195 875 3256; x_wconf 85' lang='lat' dir='ltr'>quern</span> <span class='ocrx_word' id='word_1_279' title='bbox 893 3177 1054 3236; x_wconf 86' lang='lat' dir='ltr'>lectionem</span> <span class='ocrx_word' id='word_1_280' title='bbox 1074 3172 1189 3234; x_wconf 80' lang='lat' dir='ltr'>indicet</span> <span class='ocrx_word' id='word_1_281' title='bbox 1200 3177 1335 3233; x_wconf 75' lang='lat' dir='ltr'>Zouaru</span> 
     </span>
     <span class='ocr_line' id='line_1_33' title="bbox 227 3255 1336 3365; baseline 0.005 -49"><span class='ocrx_word' id='word_1_282' title='bbox 227 3258 261 3316; x_wconf 92' lang='lat' dir='ltr'>in</span> <span class='ocrx_word' id='word_1_283' title='bbox 273 3259 449 3360; x_wconf 67' lang='lat' dir='ltr'>Anpstesic:</span> <span class='ocrx_word' id='word_1_284' title='bbox 474 3257 641 3365; x_wconf 47' lang='lat' dir='ltr'>podde&#39;dl</span> <span class='ocrx_word' id='word_1_285' title='bbox 662 3257 709 3326; x_wconf 77' lang='grc' dir='ltr'>ὅτι</span> <span class='ocrx_word' id='word_1_286' title='bbox 729 3260 762 3338; x_wconf 63' lang='lat' dir='ltr'>li</span> <span class='ocrx_word' id='word_1_287' title='bbox 773 3255 997 3344; x_wconf 73' lang='grc' dir='ltr'>Ἀλεξανδρείας</span> <span class='ocrx_word' id='word_1_288' title='bbox 1009 3259 1060 3324; x_wconf 73' lang='grc' dir='ltr'>ἐπί</span> <span class='ocrx_word' id='word_1_289' title='bbox 1076 3261 1227 3361; x_wconf 59' lang='grc' dir='ltr'><strong><em>Φοινίκην</em></strong></span> <span class='ocrx_word' id='word_1_290' title='bbox 1241 3262 1336 3360; x_wconf 49' lang='grc' dir='ltr'><strong><em>πλοῖς</em></strong></span> 
     </span>
    </p>

    <p class='ocr_par' dir='ltr' id='par_1_6' title="bbox 137 3342 1335 3514">
     <span class='ocr_line' id='line_1_34' title="bbox 137 3342 1335 3514; baseline -0.01 -16"><span class='ocrx_word' id='word_1_291' title='bbox 137 3440 213 3498; x_wconf 70' lang='lat' dir='ltr'>ee</span> <span class='ocrx_word' id='word_1_292' title='bbox 226 3342 1335 3514; x_wconf 53' lang='lat' dir='ltr'>ttthtttz.l2.i²t,itttttittmmttani!</span> 
     </span>
    </p>

    <p class='ocr_par' dir='ltr' id='par_1_7' title="bbox 225 3512 1336 3597">
     <span class='ocr_line' id='line_1_35' title="bbox 225 3512 1336 3597; baseline -0.001 -25"><span class='ocrx_word' id='word_1_293' title='bbox 225 3522 309 3572; x_wconf 80' lang='lat' dir='ltr'>runt.</span> <span class='ocrx_word' id='word_1_294' title='bbox 352 3525 383 3574; x_wconf 93' lang='lat' dir='ltr'>at</span> <span class='ocrx_word' id='word_1_295' title='bbox 396 3535 466 3576; x_wconf 87' lang='lat' dir='ltr'>cum</span> <span class='ocrx_word' id='word_1_296' title='bbox 477 3515 664 3597; x_wconf 88' lang='lat' dir='ltr'>Nicephorus</span> <span class='ocrx_word' id='word_1_297' title='bbox 679 3512 733 3582; x_wconf 77' lang='lat' dir='ltr'>cdv</span> <span class='ocrx_word' id='word_1_298' title='bbox 747 3519 877 3582; x_wconf 67' lang='grc' dir='ltr'><strong><em>Φοίνικα</em></strong></span> <span class='ocrx_word' id='word_1_299' title='bbox 886 3519 1007 3594; x_wconf 88' lang='lat' dir='ltr'>scribat,</span> <span class='ocrx_word' id='word_1_300' title='bbox 1029 3519 1202 3597; x_wconf 86' lang='lat' dir='ltr'>putarimus</span> <span class='ocrx_word' id='word_1_301' title='bbox 1214 3512 1336 3574; x_wconf 88' lang='lat' dir='ltr'>adeius</span> 
     </span>
    </p>

    <p class='ocr_par' dir='ltr' id='par_1_8' title="bbox 225 3598 1336 3685">
     <span class='ocr_line' id='line_1_36' title="bbox 225 3598 1336 3685; baseline -0.002 -27"><span class='ocrx_word' id='word_1_302' title='bbox 225 3599 359 3659; x_wconf 88' lang='lat' dir='ltr'>nominis</span> <span class='ocrx_word' id='word_1_303' title='bbox 374 3599 521 3682; x_wconf 87' lang='lat' dir='ltr'>oppidum</span> <span class='ocrx_word' id='word_1_304' title='bbox 533 3603 720 3684; x_wconf 84' lang='lat' dir='ltr'>fluviumque</span> <span class='ocrx_word' id='word_1_305' title='bbox 735 3607 902 3684; x_wconf 88' lang='lat' dir='ltr'>pertinere,</span> <span class='ocrx_word' id='word_1_306' title='bbox 930 3605 984 3685; x_wconf 89' lang='lat' dir='ltr'>qni</span> <span class='ocrx_word' id='word_1_307' title='bbox 996 3599 1106 3663; x_wconf 84' lang='lat' dir='ltr'>Rhodo</span> <span class='ocrx_word' id='word_1_308' title='bbox 1120 3600 1238 3661; x_wconf 86' lang='lat' dir='ltr'>insulae</span> <span class='ocrx_word' id='word_1_309' title='bbox 1254 3598 1336 3658; x_wconf 88' lang='lat' dir='ltr'>rici-</span> 
     </span>
    </p>

    <p class='ocr_par' dir='ltr' id='par_1_9' title="bbox 226 3681 1336 3769">
     <span class='ocr_line' id='line_1_37' title="bbox 226 3681 1336 3769; baseline -0.002 -27"><span class='ocrx_word' id='word_1_310' title='bbox 226 3702 285 3744; x_wconf 88' lang='lat' dir='ltr'>nus</span> <span class='ocrx_word' id='word_1_311' title='bbox 297 3693 359 3758; x_wconf 82' lang='lat' dir='ltr'>est3</span> <span class='ocrx_word' id='word_1_312' title='bbox 382 3685 420 3746; x_wconf 88' lang='lat' dir='ltr'>de</span> <span class='ocrx_word' id='word_1_313' title='bbox 435 3705 495 3768; x_wconf 89' lang='lat' dir='ltr'>quo</span> <span class='ocrx_word' id='word_1_314' title='bbox 510 3685 696 3769; x_wconf 72' lang='lat' dir='ltr'>Stephanus.</span> <span class='ocrx_word' id='word_1_315' title='bbox 737 3681 773 3749; x_wconf 77' lang='lat' dir='ltr'>tu</span> <span class='ocrx_word' id='word_1_316' title='bbox 789 3688 859 3750; x_wconf 89' lang='lat' dir='ltr'>ride</span> <span class='ocrx_word' id='word_1_317' title='bbox 876 3709 916 3748; x_wconf 91' lang='lat' dir='ltr'>an</span> <span class='ocrx_word' id='word_1_318' title='bbox 926 3691 970 3748; x_wconf 89' lang='lat' dir='ltr'>ita</span> <span class='ocrx_word' id='word_1_319' title='bbox 981 3685 1166 3748; x_wconf 88' lang='lat' dir='ltr'>restituenda</span> <span class='ocrx_word' id='word_1_320' title='bbox 1180 3687 1220 3746; x_wconf 92' lang='lat' dir='ltr'>sit</span> <span class='ocrx_word' id='word_1_321' title='bbox 1236 3685 1336 3744; x_wconf 80' lang='lat' dir='ltr'>iuter-</span> 
     </span>
    </p>

    <p class='ocr_par' dir='ltr' id='par_1_10' title="bbox 226 3767 1337 3855">
     <span class='ocr_line' id='line_1_38' title="bbox 226 3767 1337 3855; baseline -0.001 -28"><span class='ocrx_word' id='word_1_322' title='bbox 226 3771 356 3850; x_wconf 86' lang='lat' dir='ltr'>pretatio</span> <span class='ocrx_word' id='word_1_323' title='bbox 374 3782 490 3836; x_wconf 83' lang='lat' dir='ltr'>nostre:</span> <span class='ocrx_word' id='word_1_324' title='bbox 511 3794 582 3834; x_wconf 83' lang='lat' dir='ltr'>cum</span> <span class='ocrx_word' id='word_1_325' title='bbox 595 3777 659 3834; x_wconf 68' lang='lat' dir='ltr'>scm</span> <span class='ocrx_word' id='word_1_326' title='bbox 672 3795 778 3834; x_wconf 80' lang='lat' dir='ltr'>rumor</span> <span class='ocrx_word' id='word_1_327' title='bbox 783 3773 1002 3855; x_wconf 74' lang='lat' dir='ltr'>percrebuisset</span> <span class='ocrx_word' id='word_1_328' title='bbox 1017 3775 1238 3834; x_wconf 68' lang='lat' dir='ltr'>Scroem</span> <span class='ocrx_word' id='word_1_329' title='bbox 1251 3767 1337 3828; x_wconf 81' lang='lat' dir='ltr'>clae-</span> 
     </span>
    </p>

    <p class='ocr_par' dir='ltr' id='par_1_11' title="bbox 227 3854 1335 3943">
     <span class='ocr_line' id='line_1_39' title="bbox 227 3854 1335 3943; baseline 0.004 -30"><span class='ocrx_word' id='word_1_330' title='bbox 227 3875 291 3914; x_wconf 83' lang='lat' dir='ltr'>eem</span> <span class='ocrx_word' id='word_1_331' title='bbox 314 3856 535 3919; x_wconf 68' lang='lat' dir='ltr'>caedmdarssm</span> <span class='ocrx_word' id='word_1_332' title='bbox 559 3859 605 3920; x_wconf 80' lang='lat' dir='ltr'>ad</span> <span class='ocrx_word' id='word_1_333' title='bbox 630 3862 758 3922; x_wconf 75' lang='lat' dir='ltr'>nuvium</span> <span class='ocrx_word' id='word_1_334' title='bbox 778 3860 938 3943; x_wconf 75' lang='lat' dir='ltr'>firdrs&#39;cam</span> <span class='ocrx_word' id='word_1_335' title='bbox 966 3877 1162 3940; x_wconf 80' lang='lat' dir='ltr'>cnpmsuum</span> <span class='ocrx_word' id='word_1_336' title='bbox 1181 3871 1278 3916; x_wconf 74' lang='lat' dir='ltr'>casseu</span> <span class='ocrx_word' id='word_1_337' title='bbox 1300 3854 1335 3912; x_wconf 69' lang='grc' dir='ltr'>ἐπ</span> 
     </span>
    </p>

    <p class='ocr_par' dir='ltr' id='par_1_12' title="bbox 194 3940 1334 4108">
     <span class='ocr_line' id='line_1_40' title="bbox 194 3940 1334 4108; baseline 0.006 -107"><span class='ocrx_word' id='word_1_338' title='bbox 194 3963 203 3997; x_wconf 90' lang='grc'>·.</span> <span class='ocrx_word' id='word_1_339' title='bbox 226 3942 425 4108; x_wconf 63' lang='lat' dir='ltr'>Phoqqs&#39;cs&#39;am</span> <span class='ocrx_word' id='word_1_340' title='bbox 454 3947 613 4006; x_wconf 66' lang='grc' dir='ltr'>ναίοοὼεν.</span> <span class='ocrx_word' id='word_1_341' title='bbox 680 3944 888 4030; x_wconf 86' lang='lat' dir='ltr'>Theophanes</span> <span class='ocrx_word' id='word_1_342' title='bbox 913 3946 1006 4006; x_wconf 86' lang='lat' dir='ltr'>etiam</span> <span class='ocrx_word' id='word_1_343' title='bbox 1025 3941 1081 4012; x_wconf 79' lang='grc' dir='ltr'>νίν</span> <span class='ocrx_word' id='word_1_344' title='bbox 1102 3943 1232 4009; x_wconf 73' lang='grc' dir='ltr'><strong><em>Φοίνικα</em></strong></span> <span class='ocrx_word' id='word_1_345' title='bbox 1256 3940 1334 4000; x_wconf 71' lang='lat'>⁸⁰11·</span> 
     </span>
     <span class='ocr_line' id='line_1_41' title="bbox 225 4029 342 4107; baseline 0 -19"><span class='ocrx_word' id='word_1_346' title='bbox 225 4029 287 4107; x_wconf 88' lang='lat' dir='ltr'>psit</span> <span class='ocrx_word' id='word_1_347' title='bbox 332 4070 342 4088; x_wconf 88' lang='lat'>.</span> 
     </span>
    </p>
   </div>
   <div class='ocr_carea' id='block_1_6' title="bbox 296 4343 947 4421">
    <p class='ocr_par' dir='ltr' id='par_1_13' title="bbox 296 4343 947 4421">
     <span class='ocr_line' id='line_1_42' title="bbox 296 4343 947 4421; baseline 0.003 -20"><span class='ocrx_word' id='word_1_348' title='bbox 296 4343 326 4416; x_wconf 59' lang='lat' dir='ltr'>i)</span> <span class='ocrx_word' id='word_1_349' title='bbox 341 4343 393 4417; x_wconf 73' lang='grc' dir='ltr'>τὴν</span> <span class='ocrx_word' id='word_1_350' title='bbox 411 4345 530 4404; x_wconf 72' lang='grc' dir='ltr'><strong><em>Φοίνικα</em></strong></span> <span class='ocrx_word' id='word_1_351' title='bbox 547 4347 591 4403; x_wconf 85' lang='lat' dir='ltr'>ed.</span> <span class='ocrx_word' id='word_1_352' title='bbox 610 4346 698 4406; x_wconf 83' lang='lat' dir='ltr'>Paris.</span> <span class='ocrx_word' id='word_1_353' title='bbox 716 4364 746 4421; x_wconf 87' lang='lat' dir='ltr'>p.</span> <span class='ocrx_word' id='word_1_354' title='bbox 760 4347 812 4404; x_wconf 77' lang='lat'>322</span> <span class='ocrx_word' id='word_1_355' title='bbox 828 4345 852 4403; x_wconf 81' lang='lat'><strong>0</strong></span> <span class='ocrx_word' id='word_1_356' title='bbox 867 4353 896 4404; x_wconf 82' lang='lat' dir='ltr'>et</span> <span class='ocrx_word' id='word_1_357' title='bbox 911 4345 947 4404; x_wconf 79' lang='lat' dir='ltr'>D.</span> 
     </span>
    </p>
   </div>
   <div class='ocr_carea' id='block_1_7' title="bbox 0 0 1504 4850">
    <p class='ocr_par' dir='ltr' id='par_1_14' title="bbox 0 0 1504 4850">
     <span class='ocr_line' id='line_1_43' title="bbox 0 0 1504 4850; baseline 0 1"><span class='ocrx_word' id='word_1_358' title='bbox 0 0 1504 4850; x_wconf 95' lang='lat' dir='ltr'> </span> 
     </span>
    </p>
   </div>
  </div>
 </body>
</html>
