3000 4850
490 344 689 415 ruusrcru
711 346 920 415 rororsru
941 346 971 417 1.
1010 324 1014 333 '
1061 321 1085 337 ”
1227 346 1284 423 σο

179 534 235 577 roe
257 520 344 575 tanta
362 514 474 573 virtute
497 514 653 602 animique
670 515 837 575 comantia
855 512 982 591 decicit,
1003 524 1038 574 ui
1054 514 1141 595 gravi
1158 516 1285 577 vulnere

179 610 318 682 accepto,
340 601 409 679 ipso
429 600 594 680 speciosior
609 601 757 679 sangnine
779 610 810 659 et
828 602 895 681 ipso
915 600 1050 680 periculo
1071 602 1167 663 fretur
1185 620 1283 681 augn-

138 710 146 724 ·
181 690 273 763 atior,
303 684 440 745 hostium
463 695 551 763 targa
576 684 750 765 praecidere
777 704 936 767 nunquam
964 684 1121 749 destiterit.
1164 688 1282 761 Quane.

181 790 274 855 quem
293 771 408 833 latebat
427 772 530 831 Nonni
556 768 619 852 (46
639 768 704 851 66)
730 770 836 849 Ῥῆνος
857 765 1044 851 οἷσπράντοιο
1063 768 1286 851 θςμιστοπόλος
1354 759 1360 775 ’

179 863 315 923 maerin
329 868 360 917 et
373 874 454 938 quaa
466 856 619 917 Gemens
632 858 732 915 attulit
742 856 783 916 ad
797 855 953 917 Claudias·
969 858 1103 925 liulin.2
1126 863 1198 932 112,
1344 882 1349 889 ·

265 942 319 1008 61·
360 945 505 1001 Erramus
523 943 558 999 ire
572 940 752 1021 Adagtisp.
769 946 842 1007 852.
884 936 961 1023 erim
978 939 1139 1027 Εὔριπος,
1160 954 1191 1003 et
1208 945 1285 1007 Piu-

180 1025 273 1088 deror
289 1026 384 1107 Erth-
402 1032 441 1092 3:
463 1022 556 1109 ὄλβος
571 1019 603 1089 d'
616 1021 674 1091 orie
686 1026 720 1101 tc
733 1023 853 1109 μακρὸν
867 1021 992 1113 ἀνδρῶν
1005 1027 1127 1113 ἔρχεται.

266 1112 321 1178 68.
363 1112 476 1173 confer.
490 1110 641 1173 Ποααὲπν.
657 1132 689 1174 v.
701 1113 764 1179 848
780 1124 886 1194 etseq.

263 1200 319 1262 60.
361 1196 462 1262 codex
486 1199 521 1257 in
547 1200 685 1278 margine
706 1196 799 1262 hahet
819 1198 936 1273 urimur
957 1197 1126 1281 [adcacPJ.
1169 1200 1294 1267 inutilis.

182 1279 371 1343 emendatio:
391 1302 465 1342 nam
479 1303 542 1343 vox
552 1278 670 1359 irrisere
682 1284 804 1364 respicit
816 1283 855 1344 ad
869 1280 987 1363 φύσιος.
1031 1283 1069 1345 de
1087 1283 1232 1345 sermonis
1254 1287 1287 1343 ri

182 1367 224 1429 ad
249 1388 298 1440 ras
326 1386 523 1452 quascunque
551 1368 741 1431 exornandas
768 1370 995 1431 accommodata
1020 1382 1122 1437 noster
1141 1373 1233 1429 etiarn
1254 1372 1292 1456 ιἰρ

182 1448 328 1519 Aeaeae
341 1476 373 1517 ν.
389 1458 451 1519 169
466 1464 568 1535 etseq.

173 1591 178 1602 .
266 1540 320 1604 64.
362 1538 459 1617 ludit,
478 1550 515 1600 nt
533 1551 633 1620 patet,
657 1542 693 1601 in
710 1541 803 1602 verbo
824 1533 970 1625 γράφειν,
993 1538 1191 1625 quotiesque
1210 1542 1287 1602 scri-
1307 1600 1311 1611 ,

183 1625 254 1686 bere
269 1630 444 1707 repingere
458 1626 618 1706 significat.
1010 1635 1015 1644 '
1056 1658 1066 1683 ι

266 1714 320 1775 66.
361 1721 483 1791 sumpte
495 1715 651 1772 occasione
662 1710 702 1771 ab
715 1712 907 1794 eloquentiae
919 1712 1073 1789 facultate,
1096 1710 1241 1794 quamde
1254 1733 1288 1772 re

183 1796 1288 1965 iiiiiih‘l'i'iidssnifiiiffliiisspffiimliii

181 1969 272 2043 tntis,
294 1970 394 2049 qualis
406 1966 533 2029 heroem
547 1968 649 2044 decet,
671 1988 732 2028 nou
743 1967 884 2031 habuerit
897 1971 1113 2049 cognitionem,
1137 1966 1290 2049 siquidem

182 2071 252 2111 eam
263 2072 357 2133 quam
369 2057 436 2134 ipse
449 2058 600 2115 Homerus
611 2051 736 2114 exhibet
749 2052 851 2115 herois
864 2058 1046 2135 imaginem,
1068 2066 1215 2134 tauquam
1228 2055 1290 2111 rui-

182 2157 241 2197 nue
255 2150 359 2218 aptam
373 2142 512 2199 Heraclio
528 2137 779 2223 repraesentando
794 2144 917 2220 respuit,
937 2150 968 2198 et
980 2158 1058 2221 quae
1072 2142 1111 2198 ait
1124 2140 1211 2201 unica
1224 2128 1288 2203 vir-

182 2232 233 2283 tus
255 2242 335 2304 quae
354 2226 455 2285 virum
475 2227 568 2285 iaciat
589 2228 753 2298 illustrem
782 2244 919 2304 quaeque
940 2228 973 2281 in
992 2224 1133 2285 Heraclio
1153 2225 1289 2293 maxime

182 2310 307 2387 enituit,
330 2314 465 2390 exponit.
509 2310 598 2370 at'de
621 2310 748 2367 Homeri
770 2306 912 2369 leudibus
936 2306 1011 2389 quid
1030 2320 1147 2390 oportet
1165 2307 1288 2371 dicerei

183 2391 295 2456 rideris
309 2398 491 2476 Dionysium
506 2396 771 2474 Hahcamaesemu
783 2394 821 2453 de
835 2414 965 2474 compos.
980 2394 1062 2454 verb.
1080 2407 1151 2454 tom.
1160 2399 1180 2459 2
1190 2416 1226 2474 p.
1237 2396 1289 2472 61,

183 2482 236 2562 qui
256 2485 423 2541 Homermu
443 2483 562 2540 vocarit
579 2475 723 2560 κορυφήν
739 2475 887 2542 ἁπάντων
899 2479 953 2544 eal
970 2475 1103 2558 σκοπόν,
1125 2482 1157 2556 ἐξ
1173 2477 1211 2544 orl
1224 2503 1291 2556 πως

182 2561 296 2640 πάντες
307 2563 439 2645 ποταμοὶ
449 2563 502 2628 παὶ
513 2569 597 2628 πᾶσα
609 2562 753 2627 θάλασσα
765 2565 817 2629 πα1
830 2571 926 2629 πᾶσαν
940 2571 1058 2648 κρῆναι.
1103 2568 1220 2627 celebre
1234 2587 1301 2627 au-.

181 2660 246 2708 tem
262 2660 309 2710 est
326 2649 427 2711 Ovidii
441 2651 575 2730 elogium
589 2650 738 2715 Anaua
760 2654 780 2714 9
800 2651 859 2727 25,
881 2652 963 2735 quod
985 2671 1055 2712 curu
1075 2652 1197 2712 Pisidae
1220 2653 1291 2712 lau-

182 2733 272 2794 dibus
288 2734 464 2796 concordat:
491 2737 591 2794 adiice
611 2737 810 2810 Maeoniden,
831 2759 852 2796 a
875 2759 948 2818 quo,
970 2757 1024 2797 ceo
1040 2739 1133 2818 sonte
1151 2740 1291 2818 perenni,

182 2831 289 2880 votum
303 2823 415 2895 Pierr'ic
429 2842 484 2880 cra
495 2824 638 2901 rigantur
648 2823 747 2902 aquei.

266 2909 320 2972 68.
362 2909 508 2967 iuvenum
526 2918 645 2967 mentes
668 2927 709 2968 ex
730 2909 856 2968 Homeri
878 2907 1007 2968 lectione
1029 2909 1070 2966 ali
1087 2919 1117 2968 et
1132 2906 1290 2996 fecundari

181 2989 304 3067 dicens,
326 2993 392 3052 eins
411 2998 551 3072 poimeta
572 2994 665 3052 etium
678 2990 855 3053 Christiania
871 2995 904 3051 in
918 2993 1034 3054 deliciis
1046 2995 1158 3070 fuisse,
1179 2995 1212 3051 ui
1228 2995 1291 3054 fal·
1368 2990 1373 3001 ’

180 3076 244 3155 lor,
267 3075 463 3138 demonstrat.
629 3107 636 3127 ·
1251 3089 1256 3098 '

265 3167 321 3227 70.
361 3164 492 3224 Galaton
510 3167 625 3246 pictor,
656 3164 785 3226 Aeliano
811 3164 885 3224 Var.
910 3165 997 3224 Hirr.
1024 3167 1062 3227 13
1088 3167 1132 3229 22
1157 3172 1288 3238 sudore,
1395 3211 1407 3228 .

183 3248 350 3307 Homerum
379 3254 615 3330 repraesentavit
641 3250 788 3332 iporirrc,
817 3247 889 3324 τούς
913 3248 946 3314 dl
968 3247 1079 3323 ἄλλους
1098 3244 1227 3328 ποιητοῖς
1250 3246 1289 3312 sd

181 3330 373 3414 irrumpier
387 3330 590 3417 ἆρσομὲνουςς
611 3355 705 3418 quarn
717 3337 866 3414 picturam
880 3337 983 3396 forsan
997 3337 1097 3394 innuit
1111 3345 1224 3394 noster.

267 3423 320 3484 72.
363 3423 530 3482 Homerum
544 3442 606 3481 nou
618 3420 761 3482 habuisse
775 3423 940 3502 perlectam
952 3423 1072 3480 virtutis
1086 3425 1292 3500 coguitionem

182 3499 303 3564 ridetur
320 3501 471 3566 adaerere.
512 3511 615 3588 ipsum
636 3511 763 3567 rirtutee
780 3527 842 3566 non
861 3505 1063 3588 seiungendas
1080 3507 1191 3582 δισσοῖς
1204 3509 1290 3590 μερί-

183 3591 245 3662 ζειν
261 3591 325 3651 triv·
340 3586 439 3674 λόγων
454 3589 591 3674 νοήμασι
612 3613 648 3652 ea
668 3593 706 3652 de
726 3613 817 3652 causa
837 3596 944 3672 opinor
963 3592 1054 3668 dicit,
1078 3593 1130 3652 vel
1148 3595 1234 3674 quia,
1256 3603 1291 3652 ut

180 3673 362 3736 Plutarchus
374 3676 431 3735 tib:
444 3678 568 3738 denrrd.
578 3680 662 3758 polit.
679 3683 736 3754 ait,
760 3675 812 3741 ded
835 3677 890 3761 μὲν
911 3673 1037 3753 'lieddor
1057 3670 1201 3760 icterias
1229 3673 1293 3740 coi-

182 3782 293 3837 ματος,
316 3757 367 3824 dcci
388 3759 423 3825 dl
441 3767 498 3842 τῆς
514 3758 690 3838 Ὀδυσσείας
704 3769 809 3845 ψυχῆς
825 3761 1022 3848 γενναιότητα
1035 3767 1183 3849 παριστᾷ,
1205 3765 1293 3823 etsie

183 3846 326 3904 virtutem
344 3850 474 3908 activam
485 3869 505 3911 a
516 3851 747 3930 contemplativa
762 3849 921 3931 disiungit3
945 3852 994 3910 vel
1008 3853 1079 3930 quia
1094 3851 1196 3908 omnia
1212 3867 1291 3932 quse

182 3929 275 3989 tradit
287 3935 438 3995 Homerus
452 3946 590 3994 nontam
601 3934 642 3994 ad
651 3933 822 4015 mythicum
835 3955 969 4011 sensum,
985 3955 1077 4017 quem
1086 3938 1187 3996 statim
1201 3953 1291 4014 prae-

182 4013 299 4092 ferunt,
328 4037 422 4099 quam
444 4019 485 4080 ad
506 4019 641 4080 ethicum
661 4023 744 4080 intus
767 4022 912 4082 latentem
933 4024 995 4082 siut
1017 4018 1236 4101 expendenda,
1257 4029 1292 4078 ut

182 4099 266 4160 idem
284 4103 466 4164 Plutarchus
484 4104 559 4164 ibid.
583 4115 614 4164 et
629 4108 784 4166 Maximus
797 4109 909 4188 Tyrius
921 4109 1052 4166 Daren.
1070 4112 1109 4172 16
1125 4105 1294 4164 luculenter

182 4187 323 4265 probant.
345 4189 401 4250 sed
411 4193 511 4270 primo
524 4191 613 4250 nobis
625 4194 725 4270 magis
740 4189 859 4253 adridet
870 4195 1019 4254 sententia
1033 4211 1127 4274 quam
1139 4191 1293 4249 Maximus

182 4272 351 4334 coufirmat.
394 4278 535 4357 quamvis
553 4277 638 4334 enim
653 4278 707 4336 ille
724 4281 892 4338 Homerum
906 4297 1098 4356 summopere
1111 4276 1294 4356 suspexerit,

183 4355 262 4416 iliud
282 4368 385 4420 tamen
403 4359 524 4422 ridetur
540 4360 706 4423 concedere
722 4361 805 4446 quod
821 4363 923 4428 Pisida
940 4359 1150 4444 reprehendit,
1171 4361 1293 4420 nullum
