3000 4850
123 299 128 307 ’
231 292 305 368 140
668 291 733 360 DU
757 289 899 362 cinon

226 459 312 523 idem
325 458 383 520 erit
398 477 434 516 ao
449 455 555 530 limen,
577 467 608 517 et
621 455 812 518 aoleoeidem
825 455 909 540 quod
924 457 1045 532 lunium
1067 477 1127 540 qua
1142 423 1250 518 ultima
1262 479 1338 520 roae

227 545 479 626 utuntur-passim
494 545 667 624 scriptores,
688 544 763 605 dum
782 543 821 604 do
839 543 965 605 aedibus
981 547 1072 605 sacris
1085 547 1260 627 loquuntur,
1284 556 1339 604 aut

229 633 268 738 de
284 635 322 692 iis
340 633 393 712 qui
411 627 452 749 ad
467 631 550 710 ipsas
565 649 665 691 sacras
681 629 771 690 aedes
785 635 849 692 voti
866 651 954 692 causa
973 631 1209 712 proficiscuntur.
1253 634 1339 692 Pau-

226 720 308 780 lum
322 718 500 860 Metram
515 801 634 858 nunant
647 802 731 859 aenis
746 809 872 880 agerent
886 800 962 859 liaeo
971 801 1092 882 gaudiis
1106 803 1196 876 votis,

394 906 450 945 neo
464 906 521 944 suo
537 885 693 945 limnzibm
706 888 865 945 miscerent
871 886 987 966 poeula
1002 889 1124 946 samue.

231 982 262 1033 et
277 971 377 1031 infra:

560 1054 631 1114 cedd
644 1056 781 1114 meroldus

396 1139 554 1199 liminatur
570 1160 701 1218 serperet.

230 1223 305 1286 bino
317 1226 475 1286 familiaris
489 1225 635 1306 loquendi
646 1227 793 1302 formula,
815 1223 980 1286 adliminat
994 1237 1166 1285 mortorum
1178 1223 1340 1304 prolioisoi,

233 1323 287 1371 aut
309 1332 345 1370 ea
364 1313 503 1387 visitare,
526 1330 596 1369 oum
612 1309 650 1370 de
663 1314 702 1371 iis
716 1315 770 1393 qui
783 1309 823 1370 ad
836 1331 940 1371 eorum
958 1314 1095 1392 sepulcra
1110 1331 1163 1372 seu
1174 1313 1342 1372 memorias

233 1399 489 1477 peregrinationes
519 1398 679 1456 instituunt
700 1399 792 1456 verba
820 1398 933 1457 laniunt
960 1399 1127 1478 scriptores.
1169 1416 1242 1455 nam
1267 1417 1341 1458 oum

234 1493 408 1542 sanatorum
428 1483 574 1562 reliquiae
593 1503 628 1541 ao
644 1503 768 1564 corpora
781 1484 859 1542 iutra
873 1481 992 1543 absidas
1007 1485 1057 1543 vel
1074 1485 1193 1542 bemata
1206 1485 1238 1540 in
1255 1484 1340 1542 Con·

233 1568 432 1642 sessionibus,
453 1565 553 1626 idest
574 1569 631 1627 sub
652 1570 726 1648 ipsis
742 1569 903 1644 altaribus,
926 1567 1078 1628 recondita
1096 1577 1211 1643 essent,
1231 1566 1340 1628 fideles

233 1655 266 1712 in
279 1653 435 1712 liminibus
447 1673 503 1714 seu
514 1655 546 1712 in
560 1653 648 1712 soleis
658 1655 787 1714 bematis
800 1655 1018 1731 aousistebant,
1038 1656 1141 1736 ibique
1152 1673 1255 1734 preces
1268 1673 1343 1714 suas

236 1759 273 1797 ao
290 1749 361 1798 vota
379 1739 587 1798 exsolvebant.
628 1742 797 1800 Nicolaust
818 1759 898 1819 papa
919 1743 1005 1820 epist.
1022 1740 1060 1802 8.-
1083 1751 1171 1798 tantn
1182 1739 1341 1798 dominum

235 1823 324 1882 milio
350 1826 529 1903 protectioni
558 1836 649 1904 atque
672 1827 876 1885 iutereesae'oni
900 1825 942 1884 B.
967 1825 1168 1904 apostolorum
1189 1827 1341 1904 principie

235 1911 326 1969 Petri
338 1931 373 1968 ex
390 1909 529 1968 omnibus
536 1909 659 1984 finibus
673 1921 769 1970 terrae
775 1914 1005 1991 properantium
1019 1931 1081 1970 sese
1095 1909 1226 1990 quotidie
1239 1922 1341 1970 corate·

235 2006 322 2064 runt,
344 2007 373 2054 et
387 2015 482 2076 usque
505 1998 539 2054 in
548 1996 650 2070 finem
665 1999 745 2056 vitae
760 2018 833 2056 auae
847 1997 935 2075 apud
949 2000 1013 2056 eiras
1026 1997 1135 2054 limina
1147 2007 1237 2055 semet
1249 2017 1342 2054 maru

236 2101 310 2139 aura
329 2091 516 2159 proponunt.
569 2083 611 2139 ita
632 2085 746 2160 passim
767 2081 849 2163 apud
868 2085 1018 2142 Victorem
1033 2083 1142 2142 sulib.
1163 2081 1184 2145 3
1207 2082 1340 2160 Dialog,

235 2168 333 2225 Leon.
356 2168 485 2225 Ostiens.
507 2171 528 2230 8
550 2166 607 2240 49,
630 2169 711 2226 Petr.
730 2170 856 2226 Diaron.
873 2165 1093 2232 chacanus
1114 2169 1172 2241 92,
1196 2177 1227 2226 et
1245 2169 1341 2242 alios;

233 2252 344 2332 quibus
366 2253 399 2308 in
422 2251 498 2310 locis
518 2268 580 2309 vox
601 2250 711 2310 limina
731 2273 786 2332 pro
807 2255 874 2332 ipsa
892 2251 967 2312 aede
980 2272 1064 2312 saara
1077 2255 1222 2328 sumitur,
1246 2251 1280 2312 id
1295 2261 1343 2312 est

233 2355 305 2418 pars
324 2355 378 2415 pro
395 2345 469 2394 toto.
512 2354 687 2416 quanquam
701 2357 764 2396 nou
778 2335 887 2396 desunt
902 2341 954 2418 qni
971 2339 1080 2396 limina
1093 2357 1146 2416 pm
1160 2340 1226 2419 ipsa
1241 2340 1342 2418 prima

236 2420 321 2483 aedis
337 2422 454 2501 porticu
470 2430 560 2503 atque
575 2420 650 2482 adeo
665 2426 740 2502 ipsis
750 2424 865 2483 foribus
879 2424 1010 2503 intelligi
1023 2422 1132 2491 debere
1146 2421 1341 2507 contendunt,

236 2509 270 2566 in
300 2508 411 2588 quibus
437 2506 640 2568 subsistebant
667 2512 907 2588 peregrinantes,
940 2530 1009 2569 oum
1038 2529 1073 2569 eo
1092 2518 1344 2590 prosequerentur

234 2594 320 2651 oultn
339 2594 422 2673 ipsos
438 2602 603 2671 martyres,
628 2604 663 2652 ut
678 2604 709 2653 et
721 2597 820 2675 ipsam
832 2594 939 2655 aedem
955 2598 993 2655 iis
1008 2614 1126 2657 sacram
1138 2596 1238 2655 sirbire
1251 2614 1343 2656 vere-

234 2688 346 2738 rentur.
387 2679 534 2737 Paulinus
551 2681 619 2737 Nat.
635 2684 673 2745 6:

485 2764 539 2821 ille
553 2775 655 2823 autem
669 2768 725 2846 qui
737 2768 818 2824 tanti
834 2767 965 2824 ηιιιιιονίι
980 2764 1044 2824 alto

400 2868 496 2908 cama
503 2849 573 2929 fuit
586 2850 719 2923 domno,
739 2851 846 2911 medab
860 2853 894 2910 irs
907 2849 1064 2910 liminibue
1078 2861 1177 2921 stans,

390 2935 535 3016 flensque
551 2937 673 3010 itanum
696 2937 751 2997 red
765 2937 895 3010 laetitio,
915 2936 1002 2996 modo
1017 2935 1119 2995 debito
1137 2938 1251 3017 Soracte

399 3030 472 3080 vota
486 3021 587 3101 refert.

236 3102 293 3164 sed
306 3114 337 3163 et
348 3104 502 3165 interdum
515 3110 596 3188 ipsos
608 3118 709 3188 postes
723 3107 951 3167 osculabantur:
972 3102 1053 3165 unde·
1066 3104 1148 3187 apud
1162 3100 1344 3185 chrysosto-

236 3210 324 3249 mum
337 3193 451 3250 Homil.
468 3196 488 3257 3
506 3196 538 3251 in
553 3197 640 3273 epist.
652 3192 693 3252 ad
705 3190 876 3253 Cariathios
895 3187 1037 3273 πρόθυρα
1055 3194 1113 3255 sori
1132 3194 1213 3255 ναοῦ
1232 3194 1344 3268 φιλεῖν,

235 3278 395 3335 Aratorem
409 3278 433 3334 1.
445 3280 466 3341 2
479 3280 590 3337 Histor.
605 3298 707 3338 merae
721 3289 752 3337 et
765 3278 929 3337 Paulinum
940 3281 967 3337 N
969 3288 1008 3337 at.
1023 3282 1044 3343 6
1061 3276 1165 3337 osculo
1172 3276 1273 3355 figere
1282 3296 1345 3355 po-

118 3364 151 3422 ⁴1³
167 3366 221 3424 686
237 3358 345 3433 subur,
366 3360 565 3421 Prudentium
579 3367 693 3443 Hymn.
708 3369 729 3428 2
742 3374 773 3423 et
788 3366 827 3427 11
839 3362 1041 3442 apostolorum
1053 3375 1081 3421 et
1093 3374 1260 3443 martyrum
1275 3381 1346 3419 eao-

237 3446 355 3505 eoulori
374 3447 502 3521 timim
523 3447 654 3531 denique
671 3447 753 3531 apud
770 3451 947 3529 Gregorium
963 3450 1175 3509 Turonensem
1188 3446 1225 3507 de
1238 3448 1345 3506 Mirao.

236 3532 340 3677 lSaanctli
362 3532 529 3677 ΨΜ
562 3535 613 3600 14·
655 3534 767 3595 marna
792 3534 827 3595 S.
856 3536 989 3595 Moruni
1012 3534 1152 3595 oseulari.
1197 3534 1345 3594 Paulinus

269 3638 305 3678 oo
333 3637 372 3677 au
412 3628 459 3677 to:

402 3705 545 3763 maur
558 3716 630 3763 ante
635 3704 738 3786 sores,
760 3716 790 3764 et
798 3704 935 3784 portabare
949 3704 1054 3764 oscula
1058 3704 1149 3785 figit,

402 3800 433 3848 et
446 3788 580 3849 horbais
593 3794 677 3873 rigat
688 3810 776 3852 omne
787 3791 899 3864 solum,
917 3812 977 3872 pro
992 3790 1097 3849 limine
1109 3798 1213 3849 annoto

392 3874 492 3953 susus
508 3876 605 3934 hunni.

238 3978 313 4018 uam
341 3959 599 4040 quemadmodum
625 3964 679 4044 qui
706 3962 1006 4021 exeommunioautur
1026 3970 1057 4019 et
1078 3956 1115 4017 ab
1135 3955 1278 4017 ecelesiae
1297 3956 1348 4013 in·

238 4064 343 4123 gressu
372 4058 528 4124 areentur,
565 4047 707 4107 dicamur
726 4068 748 4105 α
769 4045 925 4106 manue
948 4044 1088 4105 ecelesiae
1108 4045 1244 4123 separari
1266 4039 1348 4121 apud

238 4134 332 4189 Leon.
353 4133 482 4192 0stieus.
503 4138 523 4199 8
544 4132 603 4210 48,
624 4136 707 4193 Patr.
727 4134 814 4192 Diae.
835 4134 887 4192 lib.
910 4130 929 4195 4
952 4134 1004 4206 32,
1021 4132 1071 4206 67,
1086 4132 1138 4207 88,
1155 4128 1205 4205 94,
1220 4130 1291 4201 109,
1317 4138 1349 4185 et

238 4216 316 4276 alios
330 4220 461 4296 passim,
483 4222 525 4278 ita
540 4222 766 4301 peregrinantes
784 4216 964 4277 humilitatis
980 4219 1164 4297 maiorisque
1177 4214 1349 4287 veneratio-

238 4304 287 4362 nis
310 4306 428 4387 gratia,
448 4324 484 4365 aa
501 4307 725 4367 Paenitentiam
745 4307 860 4383 instar,
880 4306 913 4364 in
934 4304 1009 4385 ipsis
1030 4300 1186 4363 liminibus
1201 4300 1350 4362 subsiste·
