3000 4850
247 339 314 388 vm
338 319 496 390 cattoit
508 321 569 392 DU
582 323 745 392 FRESNE
758 321 920 394 noltmtt
930 324 994 396 DU
1007 325 1145 398 GANGE
1156 329 1355 402 Puram

246 497 323 557 σθαι
344 493 456 576 μικροῦ
475 486 549 566 rode
569 482 751 574 ἆκοῦοντας,
772 489 826 558 noi
839 487 875 558 td
888 487 1097 577 genetiuo
1109 493 1254 579 ἕξετᾶζει,
1278 497 1354 584 'aidi

246 609 285 676 ed
299 607 376 675 nord
391 609 492 696 piper.
533 631 640 672 vernon
655 623 795 675 eoourata
807 615 1031 698 quantumlibet
1041 617 1082 679 eit
1093 637 1172 703 quae
1182 639 1266 680 nuno
1276 639 1353 704 pro-

246 731 292 793 dit
305 729 389 792 aedit
406 728 580 812 Sophienee
592 733 768 795 eluoubreta
781 753 800 794 e
813 737 911 798 Panlo
925 735 1099 800 Silentierio
1111 736 1274 823 ἔπφρασις,
1294 741 1353 804 vix

244 861 349 910 temen
369 870 405 911 ee
425 871 503 934 quae
524 852 652 932 obqouro
672 855 746 915 retia
768 855 902 915 earmina
925 854 1110 939 vooibueque
1128 854 1213 919 hand
1235 861 1352 940 partim

244 973 341 1032 obviis
356 991 477 1052 erperae
490 971 634 1051 involvit,
656 969 732 1034 adeo
744 975 905 1056 perepicuo
919 983 991 1035 tunt
1002 985 1039 1036 nt
1051 972 1191 1058 diligenti
1206 979 1353 1040 armine

244 1093 297 1152 vel
308 1102 389 1154 carte
402 1094 592 1173 expositione
605 1111 668 1153 non
681 1091 849 1175 indigeant.
889 1111 964 1154 nam
977 1112 1049 1154 oum
1061 1104 1162 1176 portae
1174 1097 1257 1178 iprae
1267 1105 1353 1158 tem-

243 1213 289 1292 pli
310 1213 526 1272 vocabulorum
545 1213 733 1294 poitioornm
755 1212 1086 1293 oiroumloeutiom’bne,
1107 1213 1251 1298 graphioo
1264 1217 1350 1296 lioet,

245 1331 410 1410 describat,
430 1334 564 1412 partium
583 1334 719 1414 ipsarum
735 1332 875 1412 nomine,
896 1329 980 1416 qnod
998 1337 1149 1416 praestitit
1164 1338 1258 1396 etiam
1269 1337 1350 1397 Pro-

245 1453 369 1534 oopiue,
392 1454 511 1530 omisit,
532 1454 578 1514 ita
600 1464 635 1516 nt
655 1454 770 1534 legonti
782 1471 849 1514 rem
859 1454 957 1535 magio
970 1451 1127 1516 divinandi
1140 1475 1233 1539 quam
1244 1455 1348 1518 animo

242 1570 431 1654 peroipiendi
446 1573 548 1632 looum
561 1573 743 1653 praebuerit.
785 1583 968 1658 quopropter
979 1571 1063 1636 hand
1076 1577 1230 1658 ingratum
1242 1574 1347 1636 leotori

243 1693 311 1753 iore
321 1689 399 1751 mihi
411 1693 556 1774 personet,
577 1694 605 1753 al
617 1692 791 1775 Sophianae
804 1693 897 1774 aedit,
918 1705 1008 1779 etque
1020 1693 1098 1758 adeo
1109 1695 1180 1758 data
1191 1697 1348 1759 oooaaioue

243 1821 412 1874 oeterorum
433 1810 515 1893 apud
538 1813 669 1875 Greeooe
687 1817 886 1897 templorum,
908 1814 1140 1898 deeoriptionem
1156 1814 1347 1899 aggrederer,

243 1953 372 2017 eamque
387 1953 429 1993 ex
443 1933 619 2016 Byzantinie
633 1938 811 2015 praesertim
826 1935 1041 2018 scriptoribus,
1061 1936 1178 2019 aliquot
1194 1936 1288 1997 otiam
1305 1952 1347 1994 ex

240 2055 352 2115 noetrie
373 2053 588 2114 reoentioribua
609 2051 786 2116 adornatam
802 2057 868 2117 vioe
882 2056 1091 2116 nommanten‘i
1102 2056 1137 2114 in
1149 2054 1282 2114 Paulum
1294 2052 1348 2114 si-

240 2174 415 2234 lentiarium
430 2171 531 2233 eidem
542 2175 680 2253 toriptori
692 2175 911 2235 eubneoterem.
952 2171 1035 2256 qnod
1046 2193 1119 2234 eene
1131 2173 1270 2232 Lutetiae
1284 2174 1348 2233 Pe-

239 2295 396 2370 rieiorum,
419 2311 439 2352 e
452 2291 537 2352 libria
547 2290 613 2351 fare
624 2291 808 2373 imparatae,
828 2293 926 2353 aerim
939 2311 1033 2374 qnam
1043 2311 1099 2374 pro
1109 2300 1195 2352 tenta
1205 2291 1251 2350 rei
1263 2291 1347 2352 mole

237 2434 294 2495 per
308 2421 388 2492 erat,
408 2430 477 2475 tum
494 2431 669 2495 eggreeeua,
690 2430 778 2489 oum,
797 2419 834 2472 ut
844 2411 908 2473 iam
920 2411 1024 2493 attigi,
1043 2432 1124 2493 pene
1139 2409 1275 2471 eonfeota
1286 2430 1347 2473 vo·

237 2534 364 2594 luminis
379 2530 511 2593 editione
525 2534 649 2614 elegant
661 2528 744 2592 ietnd
756 2538 867 2613 poema
879 2528 920 2592 ed
929 2550 982 2591 me
993 2532 1191 2613 perrenieeet.
1217 2528 1345 2615 proinde

237 2649 322 2713 haud
339 2672 429 2734 aegre
451 2648 529 2715 mihi
547 2649 768 2714 condonaturos
784 2652 866 2714 vitoe
878 2648 1128 2729 dootoeoonfido,
1148 2648 1346 2711 eioommen·

238 2772 405 2833 tationoule
425 2774 485 2834 ieta
508 2789 578 2841 mea
595 2790 658 2831 non
674 2768 715 2832 ad
729 2790 864 2853 rmgoem
883 2770 1020 2851 expolite
1036 2766 1192 2848 videatur,
1223 2788 1294 2831 oum
1310 2770 1345 2829 in

238 2911 382 2975 praeeant
403 2889 482 2971 mihi
502 2889 538 2951 id
557 2892 749 2973 potissimum
768 2891 887 2953 ooneiiii
905 2890 1016 2968 fuerit,
1040 2900 1077 2951 ut
1094 2902 1236 2951 notermn
1249 2891 1346 2951 inotar

238 3023 318 3073 aeret
347 3011 388 3073 ad
415 3013 592 3093 aoriptorem
615 3007 701 3071 haud
726 3012 851 3073 omnino
878 3010 1049 3072 eommunia
1073 3028 1111 3071 eo
1131 3010 1197 3071 triti
1217 3009 1345 3089 eaporie.

238 3150 414 3214 quenquam
432 3130 549 3191 mihine
569 3129 649 3193 hono
669 3132 857 3213 provinoiem
873 3148 1046 3211 arrogarem
1060 3126 1261 3189 dubitandum
1273 3128 1343 3207 tuit,

237 3270 309 3311 oum
331 3252 418 3311 ietiue
437 3249 613 3332 publioandi
632 3252 783 3333 potmatia
800 3269 888 3332 epam
905 3249 1029 3311 feriaret
1047 3249 1082 3309 iu
1100 3248 1286 3330 praefatione
1303 3244 1344 3307 ad

234 3372 417 3452 Prooopium
447 3372 495 3431 vir
523 3372 647 3432 omnino
676 3388 807 3449 magone
824 3366 969 3430 claudius
987 3369 1161 3445 Meltretue,
1184 3368 1253 3428 Soo.
1272 3367 1344 3427 Iesu

234 3490 393 3572 presbyter
405 3501 436 3551 et
450 3492 571 3571 eollegii
588 3489 776 3551 Montelbeni
791 3498 903 3566 reotor,
926 3490 981 3573 qui
991 3508 1053 3572 qna
1065 3488 1161 3571 pollet
1173 3488 1207 3547 in
1219 3486 1343 3547 Greeoia

232 3608 359 3691 perinde
373 3630 409 3670 eo
422 3612 540 3671 Latinio
556 3612 651 3671 litoris
667 3608 852 3686 eruditione,
872 3610 963 3689 longe
977 3608 1097 3669 felioiua
1112 3626 1149 3667 ee
1162 3606 1271 3666 fimet
1285 3602 1342 3665 de·

231 3709 371 3805 fanetum
394 3732 467 3807 etei,
489 3732 536 3791 uti
554 3750 605 3791 me
626 3750 681 3811 per
705 3731 810 3790 literae
830 3730 968 3805 monuit,
989 3725 1073 3812 qood
1090 3745 1186 3808 panea
1205 3744 1278 3785 eum
1296 3733 1341 3787 eet

230 3850 321 3909 Pauli
343 3850 510 3909 Silentiarii
532 3848 758 3932 apographum,
779 3847 963 3929 deeoriptum
982 3844 1162 3930 perindeoit
1174 3863 1217 3904 ex
1229 3862 1340 3905 menu-
1455 3899 1456 3926 ,

229 3970 340 4049 eoripto
359 3970 514 4047 Palatino,
544 3969 751 4054 proindeque,
772 3979 808 4031 nt
828 3968 1069 4047 Selmeeianum
1089 3965 1207 4027 iaounia
1227 3972 1341 4026 eoateat

230 4084 490 4173 deformetumqua
505 4090 556 4153 eit.
