3000 4850
405 317 661 390 DESCRIPTIO
685 319 719 390 S.
745 304 938 392 soumis.
1017 369 1020 378 ·
1171 319 1222 394 89

651 483 746 568 uicto
761 483 795 552 dl
808 483 874 566 νηοί

281 571 367 638 ίνδια
381 567 569 654 καίίιχδροιο
584 571 795 656 διακρίνωσιν
813 571 923 639 lisbio

280 660 414 742 γείτονος
430 651 582 739 αίθοοίσης
593 653 788 740 περιμήκεος.

135 763 196 802 nam
212 763 266 823 per
288 741 362 808 ναδν
384 737 563 825 counione
587 743 721 804 mediam
745 741 829 804 aedis
847 752 965 824 partam
979 742 1012 802 in
1026 737 1109 802 chori
1120 763 1174 803 seu
1187 742 1221 802 iu

134 829 238 888 orclem
257 829 388 890 formam
410 840 609 904 contractam,
629 851 685 910 per
700 830 853 894 αἶθονσαν
871 849 942 888 vero
959 823 1111 912 περιμήκη
1125 831 1222 908 pcrti-

134 935 192 989 cus,
212 935 284 996 qnae
305 919 386 978 iutra
409 926 550 997 quattuor
561 916 641 994 pilas
657 918 783 975 interius
800 925 960 974 currantur
975 924 1034 973 eta
1051 907 1176 974 meridie
1190 925 1221 974 et

133 1003 317 1078 septentrione
343 1022 412 1060 eam
433 1004 574 1080 cingunt,
596 999 717 1062 ridetur
730 1001 938 1075 intellexisse;
963 997 1130 1060 cuiusmodi
1142 1001 1223 1064 aunei

132 1106 177 1144 sen
191 1083 268 1145 chori
282 1085 366 1148 aedis
380 1085 616 1147 Blacheruiauae
631 1087 690 1146 fuit
702 1087 808 1167 figura,
830 1097 864 1146 ut
880 1097 983 1145 auctor
1001 1095 1045 1145 est
1058 1088 1222 1165 Procopius

132 1169 163 1230 de
174 1171 269 1232 Aedif.
285 1175 304 1236 1
327 1177 364 1247 3,
387 1173 440 1232 ubi
462 1166 499 1230 de
522 1174 668 1233 columnis
687 1172 787 1232 aedis:
810 1171 863 1236 καί
876 1167 913 1236 sd
930 1168 985 1251 ultr
1001 1167 1076 1234 dilus
1091 1175 1147 1234 τοῦ
1160 1166 1221 1234 νεεδ

128 1255 194 1337 μέρη
208 1249 275 1320 κατ’
294 1252 373 1320 edus}
396 1256 571 1322 intrinseci
589 1257 707 1337 κίονες,
735 1253 813 1322 κακοί
836 1253 869 1322 δὲ
891 1255 967 1340 μίσοι
987 1253 1221 1322 δκοστίίίονιαι

127 1342 199 1406 etro.
239 1341 294 1404 sed
309 1341 347 1402 de
362 1345 556 1424 aulissgetur
570 1343 659 1402 inira.

199 1433 251 1494 82.
295 1432 440 1502 Quattuor
460 1429 626 1489 maioribus
645 1428 789 1504 arcubus,
817 1427 870 1510 qui
893 1437 1034 1509 quattuor
1054 1425 1219 1488 maioribus

124 1513 204 1592 pilis,
229 1534 305 1596 quas
324 1515 474 1574 structiles
494 1515 650 1574 columnas
668 1525 755 1574 vocat
773 1512 938 1594 Ulpianus,
961 1515 1147 1588 innituntur,
1168 1516 1221 1572 in-

124 1601 227 1660 cumbit
251 1605 361 1682 ingene
381 1597 639 1680 hemisphaerium
664 1599 812 1680 (trullum
836 1609 888 1658 aut
910 1599 1033 1658 trullam
1056 1599 1147 1677 vulgo
1162 1618 1220 1658 vo·

125 1684 203 1764 cant)
223 1706 280 1746 seu
293 1685 466 1745 aedificium
477 1683 641 1745 rotundum
653 1705 688 1744 ac
699 1695 794 1761 teres,
818 1681 900 1766 quod
911 1688 943 1744 in
956 1688 1137 1744 immensam
1147 1685 1220 1742 alti·

124 1769 249 1830 tudiuem
268 1769 417 1832 educitur.
458 1773 639 1851 Procopius:
660 1765 798 1852 ῧιτερθεν
817 1767 853 1832 δὲ’
869 1763 972 1832 ου’τοῑν
995 1773 1067 1846 (τῶν
1081 1765 1218 1849 οίψίδοιν)

122 1852 295 1937 κοιίοτερνίς
309 1855 471 1937 οἰκοδομία
483 1855 517 1920 ίν
532 1850 702 1938 στρογγύλῳ
715 1855 851 1940 ίιτῇρται.
888 1853 979 1914 huius
993 1857 1149 1936 parietem,
1164 1855 1219 1936 qui

122 1941 151 1998 in
165 1943 264 2002 osbern
276 1943 373 2002 fertur
388 1945 574 2024 sustinetque
591 1939 775 2002 testudinem
788 1941 999 2017 orbiculatam,
1023 1960 1063 1998 ex
1075 1941 1220 2000 lateribus

124 2029 252 2088 tenuibus
271 2029 441 2107 spongiosis
463 2047 499 2087 ac
521 2025 677 2103 candidis,
699 2046 775 2108 quos
801 2045 841 2086 ex
865 2024 973 2085 Rhodo
990 2025 1088 2084 hisula
1108 2021 1219 2084 advehi

124 2125 266 2172 creaverat
276 2116 478 2186 lastinianus,
500 2114 670 2174 conriectnm
684 2133 749 2172 esse
762 2114 803 2170 ait
816 2108 965 2185 Codiuus,
986 2113 1084 2191 iisque
1098 2111 1217 2171 levibus

124 2195 190 2258 aden
212 2211 246 2258 ut
269 2219 376 2258 eorum
397 2200 531 2278 quinque
554 2199 657 2258 lateris
675 2200 765 2258 nnius
785 2194 904 2278 pondus
919 2217 960 2256 ex
976 2197 1044 2256 aliis
1062 2215 1217 2277 exaequa-

123 2295 195 2358 rent3
217 2305 259 2344 ex
281 2304 360 2366 qun,
380 2285 499 2364 iuquit,
520 2286 553 2345 in
575 2285 684 2364 vulgus
698 2283 781 2342 fama
794 2302 898 2363 sparsa
918 2285 956 2342 sit
972 2283 1096 2340 trullam
1110 2281 1218 2362 templi

123 2367 257 2449 Sophiani
278 2390 344 2431 esse
361 2365 579 2446 hederaceam,
601 2363 648 2435 ‘des
662 2365 682 2432 δ
695 2371 824 2452 specics
836 2361 1013 2450 κισσοὶρινός
1025 2365 1114 2433 ἔστιν.
1159 2387 1220 2450 quo

124 2453 181 2514 lnco
199 2457 331 2517 Ailatius
349 2454 515 2535 legeudum
534 2467 637 2516 censet
656 2458 888 2536 κυπαρίσσινος,
910 2466 1056 2535 tanquam
1075 2458 1102 2514 si
1119 2452 1221 2513 hemi-

123 2536 286 2618 sphaerium
305 2542 475 2602 conlectum
496 2541 588 2601 fuerit
602 2561 641 2601 ex
655 2551 813 2622 nunquam
825 2542 1009 2621 putrescenti
1022 2540 1124 2620 ligno:
1146 2558 1220 2599 naut

123 2637 192 2685 certe
215 2628 396 2707 cupressinis
416 2626 528 2685 tabulis
546 2630 610 2705 tegi
630 2628 735 2687 solitas
754 2625 845 2686 aedes
864 2646 963 2686 sacras
977 2636 1081 2686 annor
1095 2637 1141 2686 est
1154 2628 1218 2685 Leo

123 2712 176 2771 ora
197 2715 216 2776 1
237 2718 291 2778 20.
334 2732 440 2771 rerum
461 2713 531 2787 alii,
563 2723 598 2771 ut
618 2713 799 2779 Lambecius
825 2722 855 2771 et
877 2711 1091 2787 Combefisius,
1112 2713 1219 2791 legunt

122 2789 163 2859 δτι
178 2800 318 2879 κισηρίοο
338 2797 420 2861 ἐστίν
440 2794 459 2860 δ
479 2800 622 2877 spadica,
649 2795 684 2856 id
707 2807 753 2857 est
775 2800 914 2877 pumicea
935 2797 1037 2855 trulla.
1086 2800 1218 2877 parietes

121 2900 184 2942 vero
192 2888 243 2943 isti
254 2886 382 2943 latericii
395 2903 485 2963 opere
498 2886 617 2943 musteo
630 2884 755 2943 interius
767 2884 879 2965 ubique
894 2892 1087 2941 exornantur.
1130 2884 1216 2941 Ano*

121 2985 238 3046 uymm:
267 2964 336 3033 εἷθ’
357 2963 454 3043 οὕτως
476 2966 662 3048 &conclusae
684 2962 793 3047 αοίτήν.
842 2966 1044 3072 'quadraginta
1067 2967 1217 3041 fenestris,

121 3061 187 3113 testa
201 3056 320 3135 Gyllin‚
341 3055 443 3114 lucem
458 3052 589 3112 admittit
603 3052 687 3113 idem
700 3057 817 3134 paries3
840 3060 917 3117 οθεν
932 3046 980 3116 αἐί
994 3052 1116 3195 dsnpelpi
1131 3055 1219 3133 sepci-

121 3160 169 3199 τον
183 3138 298 3221 ἡμέρα,
319 3143 363 3199 ait
375 3141 550 3219 Procopius.
592 3138 674 3199 unde
691 3159 762 3199 cum
776 3159 846 3220 pars
859 3140 913 3199 illa
924 3135 1042 3217 hemisp
1067 3139 1140 3197 aerii
1154 3147 1218 3196 tota

121 3223 276 3285 luminibus
287 3246 344 3286 seu
355 3227 455 3306 potius
469 3224 611 3284 fenestris
627 3226 783 3300 colluceat,
804 3221 839 3286 τδ
855 3222 994 3305 ἔμφωτον
1011 3222 1120 3281 dicitur
1133 3224 1219 3283 Eua-

120 3312 195 3387 gn'o,
216 3314 270 3393 qui
284 3315 350 3371 eius
366 3309 558 3370 latitrrdinem
572 3329 626 3369 seu
644 3309 826 3370 diametrum
840 3330 905 3371 essa
918 3307 1033 3390 pedum
1042 3308 1084 3372 75
1098 3310 1214 3368 scribit:

119 3390 189 3460 τδδί
201 3392 314 3472 uidene
326 3401 383 3461 scri
394 3388 537 3477 ἕμφοίτοτι
550 3388 645 3459 αὐτοῦ
657 3398 764 3459 ποδοῖν
778 3392 827 3459 os'.
856 3415 917 3478 qua
932 3414 1002 3455 vero
1019 3392 1216 3474 hemisphae-

120 3482 191 3539 rium
208 3493 349 3564 quattunr
370 3482 497 3541 acubus
517 3483 629 3541 insistit
637 3505 656 3557 ,2
669 3502 724 3541 sen
738 3484 771 3539 iu
787 3484 848 3541 iura
863 3484 912 3541 sni
925 3491 1026 3561 parte,
1048 3483 1145 3539 maior
1163 3501 1216 3539 en-

120 3568 192 3628 tonis
206 3578 305 3628 tntum
317 3569 401 3628 illius
416 3569 574 3627 circuitum
586 3569 761 3627 interiorem
775 3568 870 3626 ambit
891 3586 926 3625 ac
947 3562 1123 3626 circumdat.
1164 3566 1217 3627 Si-

119 3649 264 3717 lentisrius
281 3665 359 3735 part.
371 3658 394 3719 2
407 3673 439 3716 r.
452 3656 511 3718 67:

646 3730 709 3824 b'erp
723 3736 775 3801 καί
791 3736 857 3816 (ilic
873 3733 1021 3820 καθίρττει

274 3815 603 3907 sermocinatium,
624 3822 678 3888 καί
693 3818 820 3905 ἄντυγές
835 3822 926 3900 εἰσιν,
948 3820 1060 3907 ἕλιγμρῖ

272 3914 329 3973 τοῦ
346 3902 489 3990 κομᾶτου
503 3907 645 3989 κτίκίοιο,
665 3904 721 3975 τδν
738 3902 865 3989 dalton
880 3904 956 3971 sord
970 3911 1054 3971 unire

274 3988 381 4079 οίνίρες
393 3989 618 4074 intendendus.

119 4094 184 4137 rnox
204 4076 290 4139 addit
305 4091 342 4139 ut
356 4083 560 4161 preminentes
575 4079 712 4142 eiusdem
726 4078 876 4141 coronidis
890 4076 1007 4158 lapides
1022 4076 1105 4135 riam
1118 4093 1218 4155 ungu·
1302 4134 1306 4143 ,

30 4167 31 4224 ζ
119 4173 205 4242 usus,
226 4168 387 4243 cuncsllis,
407 4178 443 4227 nt
456 4186 511 4246 per
523 4177 568 4226 est
580 4165 719 4243 credere,
739 4166 846 4226 ferreis
864 4166 1030 4238 munitam,
1053 4162 1218 4241 porrigant,

120 4247 409 4333 qnafmtotqug
429 4272 486 4312 ⁸0¹1
503 4246 691 4333 κηροφδρος,
714 4254 769 4333 qui
784 4252 946 4314 luminaria
961 4245 1098 4311 accendit
1113 4247 1146 4303 iu
1161 4241 1218 4302 he-

119 4334 292 4416 misphaerio
304 4336 484 4419 pendentia,
507 4337 649 4420 progredi
660 4339 754 4399 solet:
