3000 4850
253 331 328 407 aaa
425 410 431 424 ,
527 345 536 374 =
688 330 754 402 uu
778 329 926 402 cusu
1038 373 1046 384 -

377 496 493 575 κίονες,
513 493 662 580 ἤμιιμῆγι
676 491 860 578 ιτερισταδδν
874 489 982 578 δντυγι
995 489 1112 558 κύκλου

381 581 481 662 ὄχθος
496 575 864 663 δερτοίζοντεςῦαίρβιον,
886 575 944 659 ciis·
958 603 1031 644 ποτε
1047 576 1152 666 Θήβης

382 668 530 753 Νειλαίιγς
542 664 704 750 ίλδγευσαν
717 661 900 748 ἐϋκνήμιδες
914 665 1035 749 ἐρίπναι
1049 677 1106 728 etc.

253 786 295 850 ad
310 785 369 846 hoc
387 788 480 866 igitur
491 797 633 868 quattuor
644 787 720 846 istae
735 781 869 845 conchae
884 784 1037 844 conlectae
1052 795 1138 861 aunt,
1166 795 1203 846 ut
1213 785 1368 865 populum

254 884 421 948 canentem,
443 868 519 935 λαδν
533 871 727 952 πολύυμνον.
749 873 940 949 exciperent,
966 867 1024 929 hoc
1038 881 1101 946 est,
1123 879 1159 930 ut
1173 873 1368 949 interpretor,

253 960 377 1018 clericos
389 968 420 1016 et
434 967 580 1032 cantores,
603 960 656 1039 qui
669 953 742 1014 dum
758 959 921 1014 missarum
934 957 1133 1035 peragebatur
1148 957 1288 1036 liturgia,
1312 975 1371 1014 sa-

253 1040 368 1104 cerdoti
385 1046 418 1101 in
438 1044 526 1102 altari
543 1062 627 1102 sacra
645 1043 770 1100 facienti
784 1043 835 1100 rel
849 1041 1046 1100 concinebant
1060 1043 1111 1099 rel
1128 1039 1367 1120 respondebant.

253 1131 287 1188 in
302 1127 392 1188 choro
408 1131 490 1186 enim
503 1148 538 1186 ac
553 1131 618 1212 ναῷ
634 1138 750 1186 ceterae
765 1145 868 1206 preces
886 1145 938 1201 ac,
960 1136 994 1184 ut
1007 1135 1132 1200 vocant,
1155 1123 1246 1184 horae
1263 1125 1371 1184 eccle-

254 1217 392 1274 siasticae
402 1212 646 1272 decantabantur«
667 1230 742 1291 mox
752 1210 836 1272 addit
847 1223 880 1270 nt
891 1211 971 1270 binis
981 1210 1204 1292 porphyreticis
1214 1211 1369 1270 columnis

254 1318 312 1360 sex
325 1301 402 1357 alias
413 1295 608 1357 Thessalicae
622 1308 870 1378 superponantur,
887 1317 946 1378 qua
961 1301 1105 1376 gynaecei
1123 1317 1176 1355 seu
1190 1297 1369 1375 porticuum

252 1387 442 1465 superiorum
454 1403 523 1462 pars
537 1385 645 1442 ultima
659 1385 805 1462 assurgit,
836 1401 913 1464 quae
934 1385 976 1440 ita
995 1380 1156 1463 dispositae
1177 1392 1247 1440 sunt
1265 1392 1300 1440 ut
1315 1390 1370 1440 ter

251 1469 343 1528 binae
359 1471 396 1528 iis
409 1469 593 1544 incumbant,
616 1467 805 1550 proindeque
822 1466 910 1542 duae,
934 1487 1011 1548 quae
1026 1470 1057 1525 iu
1071 1466 1172 1527 medio
1187 1469 1367 1544 consistunt,

252 1573 349 1613 vacuo
363 1557 396 1612 iu
412 1561 481 1613 aire
496 1564 574 1613 stare
589 1573 624 1613 ac
642 1555 726 1612 nullo
746 1551 946 1614 fundamento
964 1553 1066 1612 lalciri
1081 1552 1250 1612 videantur.
1293 1572 1368 1610 me-

252 1642 343 1698 minit
358 1659 477 1698 rursum
494 1640 684 1700 silentiarius
697 1650 775 1720 part.
792 1643 814 1704 2
829 1659 857 1699 r.
871 1637 913 1705 84
927 1640 1136 1699 columnarum
1150 1640 1276 1697 istarum
1290 1657 1369 1718 por-

253 1723 479 1815 phyreticamm
496 1727 761 1806 Aegyptiacarum.

338 1863 391 1924 70.
434 1862 547 1936 Rasna,
569 1880 624 1923 seu
636 1874 754 1920 sacrant
765 1857 845 1918 hauc
859 1868 889 1918 at
902 1859 976 1919 solia
990 1855 1194 1917 sacerdotibus
1211 1854 1369 1916 addictam

253 1941 339 2003 aedis
350 1955 483 2025 partam,
506 1966 594 2005 anau
610 1946 662 2006 rel
676 1943 768 2005 choro
783 1953 902 2024 separat
917 1944 1102 2018 tabulatum,
1125 1944 1274 2002 colurnnis
1291 1961 1370 2000 can-

254 2031 340 2090 cellis
359 2028 553 2111 bypartbyris
573 2040 604 2090 et
625 2032 810 2110 imaginibus
832 2029 1028 2105 adornatrun,
1059 2047 1098 2087 ne
1122 2029 1307 2109 quibuslibet
1327 2025 1371 2086 ad

254 2133 324 2175 aam
336 2113 437 2176 aditus
452 2126 570 2194 pateat,
600 2113 654 2178 διαὶ
668 2114 701 2178 ιδ
721 2115 837 2196 μηδένα
851 2115 975 2178 εἰσιέναι
990 2114 1023 2177 δν
1039 2108 1124 2198 ου’τῷ
1140 2112 1244 2188 doricis·
1257 2111 1309 2175 καί
1325 2109 1371 2188 οἷς

254 2199 373 2280 ἔτυχεν,
409 2202 509 2281 inquit
534 2202 703 2259 Germanus
733 2199 901 2279 patriarcba
928 2202 988 2259 GP.
1013 2196 1218 2278 Theophanes
1247 2199 1370 2257 Geram.

254 2282 363 2344 homil.
377 2285 419 2350 65
435 2284 473 2343 de
488 2283 563 2390 apde
575 2287 609 2345 S.
623 2288 705 2386 lJetri
721 2287 754 2342 in
772 2287 903 2364 palatio:
929 2281 962 2349 ιδ
981 2281 1014 2347 δὲ
1027 2289 1085 2365 τῆς
1098 2279 1233 2390 α’ρρήτου
1249 2287 1371 2391 τελετῆς

255 2371 394 2518 κίκι
407 2371 776 2519 statuuntur
784 2366 1371 2536 ,ttruuutuuteritur.

256 2544 297 2625 τῇ
311 2540 373 2624 θέᾳ
382 2537 440 2621 τήν
455 2536 548 2619 ὅφιν·
569 2536 693 2621 κόλυμα
705 2538 739 2603 δὲ
751 2546 843 2604 τοῦτο
858 2545 929 2611 τῶν,
951 2542 981 2603 εί
991 2562 1037 2612 τις
1049 2536 1203 2619 προπετὴς
1215 2539 1268 2602 καλ
1283 2530 1371 2601 δαίο-

257 2649 311 2707 ρος
325 2627 397 2689 είσοο
410 2630 472 2688 τοῖν
487 2620 610 2689 aidricus
624 2625 798 2707 ὑπερβῆναι
813 2631 990 2703 φιλονεικεῖ.
1007 2624 1177 2684 tabulatum
1187 2622 1270 2685 istud
1283 2620 1371 2703 ίεροδς

186 2711 190 2717 ’
256 2710 411 2792 κιγκλίδας
424 2730 479 2770 sen
491 2731 592 2773 sacros
606 2714 755 2773 caucellos
769 2723 877 2771 vocant
890 2708 1077 2791 Nicephorus
1093 2712 1252 2785 Callistus,
1276 2711 1372 2768 loan-

257 2815 313 2857 nes
337 2797 563 2862 Cautacuzenus
590 2800 693 2857 etalii
714 2800 837 2878 passim.
881 2796 1169 2877 Porphyrogenueta
1193 2798 1226 2854 in
1252 2796 1369 2855 Basilio

258 2902 286 2941 ⁰·
303 2882 363 2948 652
396 2882 449 2946 καί
462 2883 497 2945 αί
507 2887 569 2945 τοῖν
582 2878 665 2958 δκτδς
678 2884 865 2965 διείργουσαι
879 2878 916 2945 τοί
931 2875 1137 2961 θυσιαστήρια
1149 2882 1299 2963 κιγκλίδες
1313 2880 1370 2943 καλ

257 2963 296 3031 τοί
315 2966 351 3031 δν
371 2962 475 3043 αὐτοῖς
489 2970 651 3049 περίστυλα
666 2968 719 3031 καί
734 2965 772 3031 τοί
788 2966 911 3031 drudes
926 2962 994 3031 οἷον
1009 2964 1182 3045 υἰιίρθυρα.
1223 2962 1370 3049 κᾶγκελος

257 3057 314 3118 τοῦ
328 3053 477 3135 λιρατείου
491 3052 601 3113 dicitur
614 3055 726 3134 cyrillo
743 3052 991 3134 scythopolitani)
1012 3053 1044 3109 iu
1064 3054 1126 3110 rita
1145 3052 1178 3110 S.
1191 3050 1369 3131 Euthymii3

257 3135 404 3220 κᾶγκελος
422 3144 479 3202 τοῦ
497 3141 718 3219 θυσιαστηρίου
738 3141 773 3198 iu
787 3138 910 3218 Syncdc
927 3136 1112 3203 Chalcedon.
1133 3148 1191 3195 act.
1210 3140 1224 3198 1
1243 3147 1273 3196 et
1286 3134 1370 3214 apud

258 3235 413 3283 auctorem
427 3228 507 3284 ritae
521 3225 555 3284 S.
568 3225 686 3300 Sabae3
709 3224 796 3305 ἕρκος
813 3223 895 3305 apud
905 3225 1122 3297 silentiarium,
1139 3216 1299 3302 δρύφακτα
1313 3238 1371 3280 seu

259 3305 428 3390 δριὶφαιιτοι
443 3307 525 3389 apud
536 3310 741 3369 sozomenum
759 3313 780 3374 7
802 3314 854 3373 27.
899 3310 1000 3369 Gloaa.
1017 3309 1071 3368 Gr.
1090 3326 1138 3367 ms
1150 3310 1280 3386 Regium
1300 3304 1371 3365 cod.

262 3397 365 3458 1673:
402 3390 574 3476 δρύφακτοι
595 3392 633 3458 ιδ
660 3390 876 3477 διαφράγμαεα
897 3388 920 3474 ἢ
940 3391 976 3458 vd
1000 3394 1255 3475 περιτειχίσματι,
1285 3382 1371 3455 τοῦτ’

261 3478 342 3541 ἔστιν
354 3473 472 3555 ξύλινοι
487 3475 656 3560 κᾶγιιελλοι.
698 3482 758 3541 alio
780 3481 848 3541 loco
868 3474 1072 3561 δρυφάκτους,
1082 3477 1299 3561 νεοκαγιιίλους
1313 3497 1372 3537 aen

261 3562 345 3625 aedis
356 3585 459 3625 norae
472 3566 623 3627 cancellos
636 3577 734 3625 vocat.
759 3564 892 3647 denique
907 3566 1035 3625 caucelli
1047 3568 1099 3625 isti
1114 3562 1254 3623 dicatum
1268 3558 1372 3627 κιόντα

260 3644 331 3730 ἢτοι
346 3647 462 3729 στήθεα
474 3648 512 3713 τοί
525 3654 695 3732 διορίζοντα
710 3646 743 3715 ad
757 3653 843 3733 βῆμα
859 3645 920 3715 dod
931 3657 988 3715 τοῦ
1001 3654 1114 3715 λοικου·
1128 3654 1206 3713 ναοῦ
1219 3651 1372 3708 Germano

260 3734 448 3815 patriarchas
463 3738 526 3811 ΟΡ,
559 3740 614 3817 qui
632 3747 788 3817 praeterea
804 3738 942 3798 observat
966 3756 1019 3796 eoa
1040 3747 1075 3794 ut
1094 3736 1260 3815 plurimum
1277 3736 1373 3793 luisse

259 3840 329 3880 aere
348 3822 471 3897 δικιδίοις
503 3822 674 3883 cuiusmodi
695 3825 783 3883 fuera
807 3824 936 3883 mucelli
957 3820 1040 3903 apud
1055 3824 1191 3881 Leonem
1212 3824 1277 3881 Ost.
1298 3816 1373 3879 chr.

259 3907 397 3973 Oasin-8
418 3913 477 3973 aa:
501 3910 584 3988 fecit
596 3911 701 3989 itaque
714 3921 744 3968 st
755 3909 906 3969 cancellos
919 3906 1035 3989 fusiles
1046 3927 1082 3967 ex
1096 3928 1165 3965 aere
1177 3905 1374 3977 autentum,

258 3992 373 4050 scilieet
394 3996 472 4053 iuter
490 3994 616 4053 chonam
637 4007 669 4053 et
686 3996 815 4075 οόγσιιαι
834 3994 1017 4055 statrsmdos.
1064 3994 1214 4053 cancellos
1235 3988 1374 4073 lapideus

258 4072 352 4137 habet
367 4100 394 4137 c.
412 4098 497 4161 seq„
529 4090 689 4160 argenteos
709 4101 781 4141 reru
796 4082 975 4143 Anastasius
989 4083 1023 4143 in
1038 4078 1072 4139 S.
1089 4080 1235 4140 Silvestre
1254 4089 1284 4138 et
1302 4077 1372 4136 aliis

259 4164 352 4239 locis,
374 4174 409 4223 ut
424 4174 454 4225 et
466 4168 636 4246 Cyprianus
648 4168 681 4225 iu
698 4169 761 4227 rita
777 4168 811 4228 S.
828 4164 961 4229 Caesarii
978 4167 1092 4228 aaut.
1110 4166 1215 4246 quales
1228 4165 1373 4223 exstitere

260 4252 388 4310 cancelli
402 4251 576 4312 bematisiu
595 4250 670 4311 aeda
685 4250 857 4334 Sopbiam,
889 4270 1019 4334 quorum
1038 4270 1074 4311 ea
1092 4251 1151 4310 fuit
1171 4251 1323 4329 elegantia
1338 4256 1374 4307 ut

149 4336 243 4399 Ρίιδδ
259 4355 321 4397 nou
343 4337 444 4400 eboris
469 4348 522 4399 aut
542 4340 704 4401 memoris
723 4340 774 4403 rel
799 4340 878 4401 aeris
901 4340 1066 4422 quicquam
1087 4338 1120 4397 iu
1139 4338 1178 4398 iia
1193 4345 1288 4412 esset,
1316 4330 1372 4395 aad
