3000 4850
418 319 678 392 nmcnnuo
703 317 737 390 s.
761 316 955 422 sermm
1188 295 1240 394 7'3

148 489 298 573 decideres
313 484 423 565 odiel,
443 487 490 564 ele
507 483 619 562 silice
637 483 869 569 ἐξησκημένοι.
912 483 1014 549 subet
1033 483 1142 550 deinde
1161 489 1241 571 Gyl—
1291 499 1295 509 ·

147 581 197 638 lius
219 579 368 658 porticum
386 575 573 655 superiorem
590 593 681 654 cupre
701 577 851 655 porticum
871 574 1045 634 inferiorem
1062 578 1153 634 sitam
1170 596 1242 654 ‚esse

148 667 214 723 inter
233 665 311 744 pilas
335 663 517 722 sustinentes
534 672 672 741 quartem
686 670 804 740 partem
816 655 963 738 sphaerae
978 658 1196 721 octidentulem
1210 669 1244 719 et

149 751 288 808 fenestras.
331 767 404 806 nem
423 765 441 805 a
462 758 547 826 perte
563 747 699 806 interiori
714 756 781 806 octo
796 745 884 825 pilis,
906 744 945 802 eb
959 739 1102 805 exteriori
1116 743 1245 806 totidem
1371 804 1378 821 ,

150 837 315 906 truderetur3
339 836 419 892 inter
431 852 505 914 ques
520 833 685 906 fenestrae,
707 841 772 899 tem
783 828 942 892 inferiores
955 850 1048 912 quam
1064 833 1244 911 superiores,

150 922 273 992 illucent,
296 921 412 976 cinctae
424 919 573 978 columnis
587 915 749 998 quadratis.
792 919 872 976 inter
884 913 964 973 hanc
978 919 1129 995 porticum
1143 927 1173 975 et
1186 937 1245 985 en-

150 1007 188 1064 lss
202 1007 381 1063 feminarum
397 1001 477 1062 nihil
491 1005 615 1062 interest
630 1005 692 1064 nisi
703 1004 786 1082 pilae
800 1003 982 1062 sustinentes
993 1005 1126 1081 porticus
1140 1022 1245 1076 cume,-

150 1109 206 1148 rem
222 1091 412 1149 interiorem:
435 1091 644 1168 perimentum
664 1092 746 1146 enim
757 1090 894 1177 porticus
907 1089 1033 1168 aequale
1047 1097 1092 1146 est
1106 1087 1245 1147 arelatum

150 1178 319 1255 parimento.
364 1193 442 1254 quae
456 1173 580 1256 quidem
591 1175 753 1253 superioris
765 1175 896 1253 porticus
910 1171 1070 1251 descriptio
1086 1193 1155 1232 cum
1165 1176 1248 1232 Pro-

151 1263 262 1340 copiaua
281 1257 428 1342 quadret,
449 1262 482 1318 in
502 1279 563 1341 qua
583 1261 739 1320 columnus
751 1261 785 1317 iu
797 1255 960 1338 hemicycli
975 1257 1104 1338 figuram
1120 1257 1248 1339 perinde

151 1349 282 1406 excitatas
303 1346 461 1404 observare
480 1354 542 1405 est:
563 1349 621 1408 scri
638 1341 727 1425 tice*
745 1339 824 1430 ἑῷον
837 1339 1018 1426 munusue}
1037 1338 1092 1418 τοὶς
1110 1338 1248 1418 εἰσόδονς

151 1429 217 1510 ἔχον
236 1424 391 1514 ὶγήγερτοο
413 1436 525 1510 τεῖχος,
548 1427 603 1494 sal
620 1424 716 1493 edrai
731 1427 917 1513 ἑκατέρωθεν
935 1429 969 1492 οἵ
981 1451 1013 1492 rc
1026 1429 1128 1504 elcese
1142 1429 1195 1492 sul
1208 1425 1248 1492 sd

152 1510 242 1580 ederis
262 1512 401 1597 ὕπερθεν
419 1510 589 1597 duosairurc
608 1522 672 1590 τοῖς
693 1514 912 1595 δεδηλωμένοις
928 1512 961 1577 ὒν
977 1507 1136 1596 eluserislu
1154 1509 1248 1596 ἕστη-

152 1620 220 1664 sccs
259 1605 392 1682 porticus
414 1621 503 1681 porro
525 1602 665 1678 inferior,
686 1599 772 1660 addit
791 1599 875 1660 idem
895 1601 1029 1679 Gyllius,
1051 1577 1167 1681 duplex
1181 1610 1247 1661 ests

151 1689 263 1747 interior
280 1685 431 1747 clauditur
445 1688 586 1768 utrinque
600 1687 696 1748 muris
711 1706 897 1746 marmorum
913 1685 1131 1748 iucundissima
1146 1689 1247 1745 reric-

152 1782 206 1831 tste
221 1776 352 1848 vestitis,
374 1775 488 1852 tegitur
500 1776 627 1832 cameris
638 1773 774 1852 figuratis
787 1782 964 1833 ornamento
976 1773 1129 1832 tessellato
1142 1773 1247 1832 calcu·

152 1857 240 1918 lcrum
258 1860 475 1917 inauratorum.
518 1869 608 1940 atque
631 1861 674 1917 ite
692 1859 788 1918 tribue
803 1858 968 1937 porticibus
983 1867 1147 1916 exornatur
1161 1856 1246 1918 aedis
1261 1855 1285 1910 Ρ
1301 1854 1354 1914 5³4

154 1941 315 2023 Sophianae
328 1944 526 2020 vestibulum,
550 1943 667 2004 duabus
679 1943 872 2003 inferioribus
885 1953 916 2001 et
928 1961 988 2000 unu
1000 1944 1164 2021 superiori,
1186 1962 1249 2024 quo

153 2032 275 2108 respexit
294 2029 486 2090 Silentiurins
503 2033 618 2110 part-2
635 2049 665 2090 r.
677 2032 717 2108 7,
740 2026 814 2088 dnm
827 2031 872 2088 eit
883 2028 1018 2109 triplices
1033 2047 1099 2090 esee
1114 2031 1250 2110 porticus

153 2114 362 2176 occidentales:

305 2193 382 2262 «itti
397 2193 484 2275 δύσις
496 2203 638 2263 πυλεῶνα
651 2195 745 2284 μέγαν
764 2238 885 2258 .........
888 2219 943 2306 pes,

309 2280 365 2365 οὔχ
378 2283 444 2350 iva·
466 2287 662 2366 τριχθοδὶους
676 2281 734 2368 γοῖρ
747 2282 807 2364 ἔχει
819 2307 897 2346 κατα
908 2282 997 2347 edice
1011 2276 1179 2366 μελάθρου.

155 2365 199 2429 sed
222 2369 323 2452 prima
347 2389 425 2452 qnae
449 2375 578 2431 occurrit
600 2391 640 2431 ex
659 2371 852 2431 inferioribus
870 2371 1051 2451 porticibus,
1071 2370 1255 2453 pertinuisse

155 2454 263 2515 ridetur
288 2454 329 2515 ad
354 2458 487 2537 porticus
513 2458 598 2533 atrii,
630 2456 668 2516 de
686 2458 796 2539 quibus
825 2456 923 2531 iufra,
951 2455 1035 2538 quod
1053 2451 1254 2538 ssrpiccuiou

155 2540 237 2601 luisse
260 2552 394 2619 constet3
416 2562 457 2602 ex
478 2563 538 2625 quo
556 2562 679 2603 necesse
693 2554 737 2603 est
754 2539 865 2602 harum
876 2562 970 2601 unam
984 2544 1092 2623 templi
1102 2543 1254 2603 vestibulo

155 2628 270 2687 affixam
280 2627 386 2687 fuisse.
429 2627 469 2688 de
481 2631 653 2708 porticuum
664 2630 792 2689 isterum
803 2630 899 2708 portis
910 2648 966 2688 seu
980 2626 1111 2688 aditibm
1124 2632 1170 2688 sic
1179 2648 1255 2709 pro·

156 2716 280 2793 seqnitur
302 2712 385 2773 idem
406 2716 543 2795 Gyllius:
567 2735 602 2773 ex
621 2714 713 2773 huius
724 2717 863 2793 porticus
881 2714 974 2772 latere
991 2714 1131 2773 orientali
1147 2733 1256 2773 novem

154 2800 337 2877 percuperet
348 2800 451 2859 aditure
466 2802 499 2857 in
513 2800 670 2878 templum:
693 2820 728 2858 ex
742 2800 835 2857 latere
848 2800 1028 2859 occidentali
1039 2802 1172 2880 quinque
1178 2820 1257 2878 por-

157 2884 191 2941 tis
205 2887 305 2941 aeneis
318 2884 492 2964 duplicibus
498 2898 588 2965 putet
603 2888 698 2944 exitus
714 2906 748 2943 ex
761 2887 896 2945 interiori
902 2888 1025 2964 porticu
1037 2889 1071 2943 in
1085 2888 1257 2943 exteriorem

154 2972 309 3044 perticum,
331 2990 367 3029 ex
384 2992 446 3049 qua
456 2973 599 3049 proditur
612 2974 645 3030 in
658 2992 776 3044 aream,
797 2970 851 3029 ubi
857 2991 1003 3050 perennes
1014 2971 1130 3029 ratum
1142 2990 1252 3051 aquae.

158 3050 191 3111 de
205 3074 314 3114 norem
331 3057 440 3135 portis,
462 3077 516 3137 per
531 3077 606 3140 quas
622 3059 771 3137 templum
787 3054 902 3131 aditur,
923 3068 1029 3134 egetur
1042 3056 1139 3115 inira:
1159 3066 1190 3114 at
1204 3074 1256 3116 eas

157 3158 205 3216 per
216 3158 290 3220 ques
305 3142 343 3199 ab
357 3144 491 3201 interiori
502 3145 621 3222 porticu
632 3145 665 3201 in
680 3144 862 3203 exteriorem
875 3141 1028 3221 proditur,
1050 3143 1149 3221 attigit
1163 3142 1257 3200 etiam

158 3224 339 3286 silentiarius
361 3230 382 3290 2
398 3237 475 3307 part.
500 3248 531 3286 v.
550 3232 603 3292 22.
645 3248 703 3287 nec
727 3230 860 3310 quinque
884 3226 1032 3286 duntaxat
1058 3226 1113 3287 sed
1138 3238 1257 3307 septem

156 3323 299 3386 recenset,
319 3314 352 3371 in
368 3314 407 3371 iis
423 3313 511 3373 binos
525 3314 594 3374 illos
608 3316 639 3372 in
654 3318 803 3394 porticum
817 3312 917 3373 aditus
931 3314 1126 3395 complexus,
1148 3316 1203 3397 qui
1215 3311 1257 3373 ud

157 3396 307 3457 meridiem
322 3408 352 3455 et
367 3395 408 3456 ad
422 3402 657 3479 septentrionem
670 3403 856 3480 aperiuntur.

315 3479 390 3545 {md
407 3478 438 3547 δ’
455 3480 627 3566 deceptivus
641 3482 743 3567 ἱεροῦς
756 3488 914 3557 πολεοῑνος
929 3477 1055 3566 ἄνοι’γεο,

313 3564 390 3631 luds
401 3567 459 3632 deu
476 3570 639 3647 καλέοντας
651 3564 806 3653 ὁμιλαδόν.
849 3563 917 3631 ‹itt'
931 3567 951 3633 o‘
960 3566 1020 3674 pir
1034 3561 1139 3636 οὕτοῖν

316 3651 489 3736 lucripetes
502 3652 662 3737 νάρθηκος
676 3656 727 3721 tut
743 3660 873 3720 cresseio
888 3678 1040 3737 μετωπον

315 3737 348 3812 ὃς
362 3733 469 3817 νότον,
489 3738 523 3817 ὃς
539 3740 572 3805 dd
587 3745 699 3824 βορῆος
712 3740 764 3806 tet
778 3734 885 3824 πτερά.

238 3824 289 3887 18.
331 3826 468 3886 Porticus
489 3830 564 3888 istas
582 3827 800 3903 occidentales,
825 3846 904 3908 qnae
926 3826 1074 3906 elegantis
1089 3844 1126 3884 ec
1138 3826 1262 3905 magni-

159 3900 204 3963 fici
215 3909 357 3969 vestibuli
370 3914 469 3971 ricem
482 3915 627 3994 praebent
640 3913 709 3973 aedi
723 3911 914 3993 Sophianee,
934 3908 1096 3994 νάρθηκος
1108 3932 1163 3973 seu
1168 3912 1264 3991 ser-rs-

159 3988 350 4142 luelnomine
380 4016 456 4058 aevo
475 4018 531 4060 suo
552 3997 678 4060 donatas
703 3998 796 4059 tradit
820 3997 904 4058 idem
925 3999 1116 4059 silentiarius
1140 4007 1220 4078 part.
1241 4000 1264 4061 2

159 4092 187 4132 v.
231 4083 270 4145 s:

318 4168 416 4250 χοῖρος
430 4163 484 4231 ὅδε
498 4172 655 4251 secrecius
668 4169 822 4250 perituras
836 4162 966 4251 ἆνδροὶσι
978 4162 1112 4248 νάρθηξ.

160 4260 212 4305 nec
231 4248 291 4309 ulie
311 4252 514 4331 appellatione
538 4252 687 4316 donantur
706 4254 856 4316 eiusmodi
876 4257 1009 4335 porticus
1022 4256 1056 4312 in
1073 4249 1194 4311 aedium
1211 4266 1265 4307 sa·

162 4349 271 4393 mmm
294 4338 452 4402 restibtdis
473 4342 621 4403 excitatae
642 4362 662 4403 ο
680 4344 829 4425 Procopio
851 4339 889 4402 de
910 4338 1012 4403 Aedif-
1035 4340 1053 4402 1
1079 4336 1116 4414 4,
1147 4334 1201 4394 ubi
1224 4333 1263 4393 de
