3000 4850
251 323 324 394 158
506 317 719 405 QUERGIUS
743 319 790 386 nt
814 317 1093 388 micumls

248 471 370 550 summa
381 506 451 546 erce
466 485 645 547 collocatam
657 505 725 547 esse
737 482 829 562 dicit,
851 483 1014 546 effectuum
1026 498 1128 548 autem
1139 452 1246 550 sedem
1257 488 1291 550 iu
1302 490 1354 551 in-
1487 475 1488 500 ¹

248 576 360 635 feriore
373 584 459 654 parte
472 575 584 633 ventris
596 583 742 656 tanquam
754 573 788 630 in
800 591 946 653 praesepe
960 575 1049 634 sitam
1064 593 1130 634 esse
1146 573 1262 634 deflerit.
1354 586 1357 598 '

259 678 263 684 ·
334 659 386 724 65.
428 677 544 717 novum
569 659 714 735 rerbmn,
747 655 831 739 quod
858 675 877 717 α
904 677 979 718 voce
1004 653 1107 740 φάτνῃ
1128 659 1284 720 stabulum
1303 661 1355 722 vei

245 765 389 825 praesepe
409 741 513 803 Pisida
534 743 691 803 confinxit.
732 753 866 824 praestat
889 743 992 804 locum
1013 746 1167 822 Platonis,
1202 744 1242 804 ad
1261 763 1354 829 quem

248 832 371 911 respicit
393 833 501 910 poete,
522 827 575 887 hio
592 829 758 889 subiicere:
780 823 815 893 τό
832 825 866 892 ii
877 831 939 892 ecio
954 831 1046 894 σίτων
1058 851 1091 894 τι
1105 828 1158 893 καὶ
1171 828 1273 895 τιότοιν
1286 831 1354 895 ἔτι·

247 912 423 998 θνμητικόν
446 917 503 996 τῆς
518 919 622 996 φυγῆς
704 917 794 979 τοῦτο
811 913 856 989 εἰς
868 909 907 976 τό
919 911 1028 995 μιταξό
1047 919 1110 979 τοῖν
1121 938 1155 980 τι
1166 919 1291 998 φρενῶν
1301 916 1355 981 καὶ

246 1004 305 1066 τοῦ
327 996 405 1084 τιφός
424 995 481 1063 τόν
500 994 642 1082 όμφαλόν
662 995 737 1104 όηον
759 995 946 1086 κατῴκισαν,
967 995 1035 1065 οἷον
1055 999 1179 1084 φότνην
1193 1001 1228 1066 όν
1242 997 1354 1066 ότταντι

246 1080 345 1170 τοότφ
368 1088 412 1171 epi
429 1080 516 1170 τότμ
528 1088 567 1170 τῇ
580 1088 639 1148 τοῦ
651 1104 790 1165 σωματος
800 1089 903 1171 τροφῇ
915 1080 1143 1171 τικτηνόμινοι·
1162 1085 1353 1171 κα1κατ16η·

247 1190 306 1237 σαν
318 1167 353 1235 τό
366 1175 508 1236 τοιοῦτον
522 1169 658 1235 όνταῦθα
670 1168 713 1244 cic
723 1169 847 1255 θρέμμα
861 1167 978 1253 όγριον.

156 1273 159 1278 “
333 1255 386 1321 56.
429 1248 607 1339 δημαγωγός
629 1258 721 1315 estis
741 1259 826 1316 ouius
847 1259 1016 1318 auctoritati
1029 1265 1062 1317 et
1074 1258 1208 1318 consiliis
1222 1259 1351 1338 populus

249 1342 436 1423 obsequitur.
480 1361 551 1400 cum
568 1342 759 1423 δημαγωγῶν
771 1337 932 1424 ταγμάτων
942 1337 1075 1429 τρόπους
1085 1347 1287 1426 composuisse
1302 1341 1350 1402 di-

225 1505 229 1512 4
248 1431 306 1506 cit,
318 1427 498 1510 factionum
513 1427 616 1506 captia
624 1427 750 1504 flexione
765 1427 905 1489 affirmat.

332 1511 386 1577 67.
427 1507 497 1571 ride
510 1531 605 1590 supro
616 1531 649 1571 τ.
662 1511 715 1576 48.

333 1595 386 1661 61.
428 1589 523 1675 φόσις
542 1596 658 1656 dictum
673 1594 897 1683 ότιρβολικιός,
916 1605 981 1657 tote
1001 1595 1138 1657 brunone
1147 1605 1271 1674 natura,
1291 1594 1351 1658 hoe

249 1693 311 1758 est,
331 1683 380 1742 cui
399 1685 442 1740 rei
462 1681 664 1743 conficiendae
679 1701 877 1766 quaecunque
889 1680 1017 1742 humani
1029 1685 1144 1763 ingenii
1159 1685 1238 1742 vires
1249 1685 1352 1762 irnpe-

248 1788 296 1829 ree
312 1768 451 1828 fuissem.

333 1851 385 1919 64.
428 1849 507 1914 nihil
518 1854 551 1912 in
563 1849 712 1914 historicis
725 1853 902 1936 Byzantinis
912 1873 948 1912 ea
962 1851 1000 1912 de
1014 1871 1048 1911 re
1060 1853 1207 1932 scriptum
1219 1853 1350 1916 invenio.

246 1936 316 1999 vide
330 1959 426 2018 supra
441 1938 573 1998 Acroce.
589 1940 608 2002 1
631 1941 684 2006 97.

330 2029 384 2090 67.
425 2035 539 2108 perstet
560 2026 594 2083 in
614 2023 759 2105 allegoria
778 2041 796 2082 α
820 2021 938 2082 medica
954 2023 1098 2082 fatuitate
1115 2021 1290 2101 desumpiu,
1313 2019 1353 2080 de

245 2124 307 2191 qua
329 2129 425 2188 cupro
445 2129 476 2169 v.
494 2108 547 2176 41.
590 2106 738 2190 ἕκγερσόιο
759 2109 884 2181 micro,
900 2107 1024 2187 portua
1041 2105 1187 2181 emundo5
1219 2105 1303 2188 quod
1319 2107 1352 2165 fit
1440 2112 1443 2119 '

247 2198 281 2253 in
302 2195 495 2272 vulneribus,
516 2205 552 2254 ut
571 2206 724 2255 sanentur.
768 2190 984 2258 οἰκοδεσπότου
1001 2193 1094 2274 δίκην
1112 2211 1174 2252 non
1195 2195 1279 2252 saevi
1301 2199 1351 2273 ty-

247 2283 335 2339 ranni
349 2281 560 2356 inclementia,
582 2279 638 2339 sed
650 2281 724 2340 boni
737 2282 831 2359 patris
845 2280 978 2338 familias
991 2277 1111 2338 effectu.

330 2369 383 2432 70.
428 2359 544 2449 οόμότης
564 2364 700 2424 cnsdc'tae
722 2385 765 2424 ex
781 2365 856 2424 vitio
872 2361 1035 2425 humorum
1048 2365 1099 2426 rei
1113 2381 1154 2422 ex
1167 2361 1288 2422 defectu
1299 2381 1351 2422 ca·

245 2450 337 2525 ioris3
368 2468 429 2532 qua
458 2448 509 2510 hio
535 2453 715 2531 exprirnitur
732 2452 767 2509 in
785 2452 894 2510 animis
913 2453 1025 2511 civium
1043 2452 1134 2509 imita
1153 2451 1190 2507 ab
1209 2450 1355 2529 exemplu

245 2533 365 2595 Rhocae
379 2534 558 2603 crudelitas:
579 2554 653 2595 nam
669 2529 789 2617 ω’μότης
801 2556 856 2617 per
870 2535 1079 2616 metaphoram
1094 2545 1140 2595 est
1155 2534 1327 2594 onsdsiitoa.

331 2624 386 2687 71.
428 2620 512 2681 hunc
524 2623 627 2681 locum
638 2623 770 2681 illustrat
785 2620 989 2701 Theophanes
1000 2642 1035 2701 p.
1052 2620 1133 2685 248:
1154 2620 1188 2685 ui
1202 2618 1260 2701 pio
1272 2620 1353 2702 Πέρ-

248 2722 301 2770 σαι
318 2701 374 2783 ἔξω
391 2712 448 2784 τῆς
464 2702 579 2783 πόλεως
597 2703 785 2791 όταρόννοον
797 2705 975 2789 Ῥωμαίους,
998 2707 1014 2771 6
1031 2702 1066 2769 ei
1082 2708 1194 2781 Φακᾶς
1210 2706 1300 2769 ἔνδον
1314 2701 1353 2768 τό

247 2788 369 2874 χίόρονα
389 2788 493 2867 αότοῖς
512 2792 607 2856 iuoies
629 2786 770 2872 φοτιόοοτ
791 2790 843 2855 καὶ
867 2792 1099 2873 αἰχμαλατόζων.
1139 2788 1177 2853 τό
1197 2789 1278 2871 τόση
1296 2794 1353 2871 τοῖς

248 2871 373 2965 Θρᾴκης
387 2888 458 2938 sunt
471 2878 602 2954 Aberes,
624 2881 678 2960 qui
694 2896 764 2936 cum
779 2896 869 2957 saepe
886 2881 920 2936 in
936 2882 1086 2938 Romanae
1098 2880 1271 2957 provincius
1281 2887 1349 2937 ten-

247 2972 362 3022 tassent
377 2966 558 3043 irrumpere,
580 2962 705 3023 tandem
718 2960 884 3023 Threciam
897 2966 1082 3043 superiorem
1097 2973 1295 3041 occuparunt,
1317 2972 1352 3021 ut

250 3051 372 3127 copiose
395 3046 591 3110 disseruimus
609 3052 642 3108 in
660 3051 809 3129 principio
831 3048 871 3107 de
893 3048 970 3109 bello
990 3046 1092 3108 Ahar.
1118 3058 1149 3107 et
1170 3046 1210 3107 ad
1230 3068 1261 3108 τ.
1277 3047 1350 3123 27⁶,

248 3134 303 3192 ubi
320 3132 396 3216 quid
410 3138 510 3195 simila
523 3134 616 3194 habet
628 3145 734 3194 noster
745 3136 904 3213 Georgius.

330 3224 385 3285 78.
427 3222 587 3304 paululum
613 3220 731 3279 diverse
757 3216 836 3279 haec
859 3217 967 3279 eadem
987 3228 1089 3279 narrat
1107 3224 1197 3299 poete
1215 3218 1254 3279 de
1275 3216 1352 3276 bello

248 3302 349 3363 Ahar.
366 3308 429 3369 297
443 3316 473 3363 et
484 3326 583 3387 seqq„
604 3306 702 3365 vatius
715 3306 911 3365 barbarorum
925 3308 1062 3366 nationes
1080 3324 1276 3381 enumerans,
1299 3304 1351 3387 qui

247 3386 287 3447 de
310 3389 472 3449 evertendo
497 3393 584 3472 Cpoli
604 3392 765 3451 consilium
782 3394 922 3455 inierant.
965 3402 1054 3473 utque
1069 3390 1185 3450 ibidem
1198 3388 1263 3455 804
1276 3396 1353 3471 pei·

246 3476 308 3533 tice
321 3475 460 3548 libertate
475 3496 538 3535 non
554 3471 716 3558 Χόηνβόιν
726 3475 782 3536 ced
793 3472 934 3540 Σκύλλαν
946 3473 1118 3559 σόντηοφον
1130 3476 1274 3557 appellat.

330 3562 384 3623 76.
427 3561 539 3620 ibrilern
554 3582 585 3621 τ.
601 3564 665 3627 297
678 3563 759 3621 inter
772 3564 914 3622 barbaros
928 3561 1063 3644 Scythis,
1084 3562 1176 3622 idest
1189 3562 1349 3636 Abarihus,

246 3646 422 3705 coniunctos
447 3648 572 3708 sclavos
589 3658 742 3708 recenset:
765 3646 820 3709 sed
835 3668 911 3729 quos
926 3650 969 3707 ibi
983 3642 1162 3729 Σθλόβονς,
1182 3646 1234 3707 hic
1248 3642 1351 3710 nnti-

246 3731 323 3811 βονς
342 3732 486 3813 appellat.
529 3732 640 3793 horam
660 3744 763 3793 autem
781 3734 978 3794 harbarorum
995 3733 1158 3793 multitudo
1178 3735 1350 3795 conscensio

243 3818 418 3897 monoxylis
438 3821 489 3878 vel
507 3820 649 3880 unberiis
661 3822 791 3899 mrigiis
805 3838 862 3900 per
871 3821 982 3879 fretum
997 3820 1170 3879 Ceratinum
1183 3820 1292 3879 orbem
1303 3818 1351 3877 di·

245 3903 343 3982 ripere
359 3922 503 3984 aggresae
516 3903 645 3964 diciturt
666 3914 701 3964 ut
715 3908 798 3964 enim
810 3905 921 3965 tertiam
934 3914 1038 3965 noster
1051 3908 1094 3965 ait
1106 3924 1136 3966 v.
1148 3906 1221 3981 612,
1243 3898 1351 3969 zeii-

242 3990 308 4094 sspo
322 4012 363 4095 τεΙ
369 3985 477 4072 πλήθη
490 3986 678 4075 Βοαλγόροις
697 3990 864 4075 μιμιγμὲνα
888 3990 969 4075 ἔμιξε
982 3987 1039 4074 την
1050 3996 1110 4076 γῆν
1127 3994 1183 4073 nic
1197 3987 1351 4072 θαλάττης

243 4096 304 4155 την
380 4099 427 4155 ην.

320 4098 387 4225 μόόό-
428 4158 498 4220 vide
510 4180 541 4220 τ.
555 4158 620 4225 692
635 4172 665 4219 et
679 4182 762 4243 eeqq.

333 4248 385 4309 80.
428 4266 484 4325 per
492 4244 678 4328 Charybdim
689 4249 816 4323 stares,
839 4266 894 4327 per
906 4246 1042 4328 Scyllum
1053 4248 1188 4323 sclavos,
1206 4267 1263 4327 per
1275 4248 1351 4305 Gor-

249 4348 361 4409 gonem
376 4329 500 4393 demum
516 4336 624 4395 Persas
635 4334 789 4414 iutelligit,
808 4336 861 4414 qui
874 4334 1003 4393 Serbaro
1014 4332 1090 4393 duce
1105 4343 1248 4415 occupate
1260 4330 1352 4393 chal·
