3000 4850
262 326 336 398 162
521 321 734 408 Quuucms
758 320 804 390 nt
829 321 1105 392 HERAGLIADIS

258 491 321 552 nioi
332 488 490 551 Pasohaiis
499 510 535 569 p·
548 492 612 555 899
624 487 927 570 Dammae,
949 509 967 548 a
979 487 1117 550 Gedreno
1129 497 1232 550 mrtem
1246 491 1365 571 Dysto-

256 577 355 656 μία
371 578 550 656 appellatur.
590 585 624 634 at
636 575 932 637 PhidaArtaxarxis
951 575 1003 636 val
1025 577 1182 636 amxarn
1204 595 1316 638 nomen
1330 582 1364 637 in

259 666 432 723 Artaserem
462 663 674 737 eommutavit,
706 671 799 744 atque
821 663 866 722 ita
893 681 934 722 ex
957 659 1074 721 duabus
1092 662 1218 722 roribus
1236 665 1365 747 Persicis

259 767 353 807 amam
363 750 479 807 Graeoo
492 766 577 806 more
591 748 738 807 inflexam
749 747 879 823 effinxit,
900 746 959 808 hoo
969 757 1025 824 est,
1045 748 1257 820 Dnrmuer'm,
1276 752 1364 830 qnasi

260 831 373 893 dioeret
387 831 690 893 DomArmis.
1288 855 1295 880 ι

344 922 418 984 172.
458 928 493 979 ut
511 937 603 997 saepe
620 916 662 978 ad
679 919 899 998 aurigationes,
918 937 997 1000 quaa
1016 917 1051 978 in
1068 915 1150 978 ludis
1173 917 1307 978 ctroemt

259 1004 380 1078 fiebant,
403 1003 598 1087 oiilqyooltss.
640 1023 714 1062 nam
725 999 877 1085 moenaio,
898 1001 1173 1084 aedomofleeto,
1193 1004 1362 1080 aristaeus,

257 1110 351 1170 quem
366 1091 446 1148 oiroa
458 1099 572 1148 metam
584 1089 664 1148 cirri
678 1090 729 1149 vel
742 1087 936 1170 hippodromi
954 1089 1055 1152 faeere
1074 1090 1213 1150 solebant
1229 1089 1361 1168 astriger,

257 1176 369 1235 iterum
381 1177 552 1255 iterumque
565 1194 584 1233 a
597 1193 716 1234 oaroere
728 1185 923 1236 excurrentes
934 1172 1103 1256 eodemque
1116 1184 1310 1234 revertentes.

343 1265 417 1325 178.
458 1258 511 1319 hio
534 1269 581 1319 est
602 1261 790 1322 Artaxerxes
813 1263 864 1322 vel
886 1264 1066 1336 Artaxeres,
1098 1261 1254 1339 gregarius
1272 1260 1361 1318 miles

257 1349 369 1420 Persa,
391 1346 446 1426 qui
466 1345 565 1405 oooiso
583 1347 738 1405 Artabano
759 1349 797 1422 4,
821 1365 891 1426 rege
904 1343 1085 1406 Parthorum
1100 1347 1223 1420 ultimo,
1245 1345 1361 1423 primus

259 1433 418 1511 antiquum
431 1433 592 1490 Persarum
606 1433 639 1488 in
655 1432 777 1492 Oriente
791 1433 967 1512 imperium,
988 1429 1072 1512 quod
1081 1432 1114 1488 in
1126 1429 1218 1490 Dario
1232 1429 1360 1504 finierat,

258 1517 431 1590 renovavit,
451 1517 566 1575 Romae
587 1517 757 1595 im1)erante
775 1515 951 1576 Alexandro
973 1519 1172 1576 Mamaeae.
1213 1515 1301 1596 plura
1321 1513 1361 1574 de

258 1621 295 1660 eo
316 1598 506 1661 Herodianus
524 1599 579 1658 lib.
596 1606 617 1667 6
632 1608 664 1661 et
677 1599 826 1681 Agathino
840 1601 895 1661 lu.
912 1600 943 1666 4.
985 1619 1099 1664 novum
1118 1611 1221 1661 autem
1235 1597 1293 1660 hoo
1309 1619 1361 1659 ra·

257 1705 354 1765 gnum
368 1686 406 1744 ab
423 1705 503 1746 anno
518 1684 630 1746 Christi
643 1690 707 1751 226
721 1688 773 1746 vel
787 1691 849 1752 227
864 1685 904 1746 ad
919 1703 1032 1746 mnum
1044 1703 1141 1768 usque
1155 1690 1218 1752 662
1233 1687 1284 1746 vel
1296 1683 1361 1750 646

257 1769 394 1837 duravitr
417 1773 496 1830 mira
513 1773 596 1830 enim
610 1781 656 1831 est
667 1772 703 1829 in
715 1770 777 1833 hoo
789 1773 904 1832 Persici
917 1774 1004 1852 regni
1016 1772 1077 1832 fins
1089 1768 1268 1833 stabiliendo
1283 1771 1361 1830 sori·

257 1866 379 1938 ptorum
400 1855 565 1933 ἀίιιοιιιίο,
586 1875 717 1938 qnorum
739 1859 897 1936 opiniones
916 1857 957 1917 ad
977 1877 1108 1918 examen
1126 1867 1246 1919 revocat
1260 1865 1292 1916 et
1304 1873 1360 1914 ex·

255 1940 363 2022 pendit
380 1944 567 2002 heremanus
585 1941 736 2002 Breuem.
760 1943 873 2002 Orimt.
891 1953 961 2002 tom.
978 1948 998 2008 8
1009 1954 1094 2022 pm·
1113 1940 1267 2021 1p·425.
1309 1961 1360 2000 re·

255 2045 331 2106 gum
348 2038 418 2107 post
435 2038 613 2088 montom
633 2029 798 2107 imperium
813 2030 969 2088 Persicum
988 2030 1199 2108 genealogiam
1214 2035 1245 2086 et
1262 2023 1361 2086 hiato·

257 2116 334 2172 riam
350 2113 448 2173 obiter
465 2112 623 2193 desoripsit
635 2111 782 2192 Agathias
797 2114 831 2172 in
846 2114 906 2173 fine
918 2113 973 2172 le'b.
989 2115 1025 2190 4,
1047 2115 1102 2195 qui
1113 2123 1217 2172 tamen
1230 2132 1267 2171 aa
1281 2128 1360 2193 qnae

256 2200 348 2256 refert
366 2197 402 2261 te
424 2201 489 2260 τοῖν
510 2202 671 2281 Περοικοῖν
690 2200 819 2280 βιβλίων
837 2197 1085 2280 μπαληφθένια,
1110 2220 1147 2258 er
1158 2199 1290 2258 Pmees
1306 2193 1360 2255 ἀι·

255 2282 355 2341 elsius'e
369 2283 529 2361 demmpta
543 2303 606 2341 esee
624 2283 768 2342 affirmat.
811 2303 917 2344 verum
937 2303 1008 2344 oum
1028 2285 1082 2343 ille
1102 2295 1189 2345 suam
1209 2283 1359 2342 namatio·

254 2386 327 2428 nem
345 2365 386 2428 ad
405 2366 572 2428 chosroam
594 2370 613 2431 1
634 2382 732 2450 usque
756 2366 901 2447 daduoat,
923 2372 1008 2431 onius
1025 2371 1124 2431 obitus
1138 2365 1219 2429 ada.
1232 2369 1296 2435 679
1309 2385 1359 2427 re⁴

253 2454 366 2529 fertur,
387 2455 415 2513 si
428 2455 496 2535 quis
507 2456 709 2533 posteriorum
721 2474 829 2535 regum
843 2460 954 2516 seriam
966 2474 1055 2517 nosse
1070 2458 1181 2537 oupiat,
1201 2451 1359 2514 laudatum
1492 2452 1493 2457 ’

251 2541 354 2598 virum
373 2542 433 2597 Ios.
452 2539 610 2599 Simonem
628 2542 846 2601 Assemanium
863 2540 953 2602 adeat
975 2542 1039 2601 loco
1058 2543 1127 2613 oia,
1148 2542 1202 2622 qui
1217 2558 1258 2601 ax
1273 2540 1359 2619 Syria

252 2624 447 2704 seripturihua
467 2622 596 2684 eandam
614 2622 842 2705 chronologiam
859 2626 900 2686 ad
917 2625 1131 2706 leudegardem
1143 2645 1240 2707 usque
1254 2643 1358 2704 perae⁴

251 2711 369 2791 quitur,
391 2721 482 2791 atque
495 2707 579 2769 huno
591 2712 692 2791 ipsum
704 2712 848 2771 ultimum
860 2713 955 2773 fuisse
968 2715 1128 2772 Perennem
1138 2728 1243 2789 ragam
1255 2718 1358 2769 eontra

251 2792 491 2875 Theophanem,
523 2814 543 2855 a
563 2816 625 2877 quo
643 2814 702 2855 rex
718 2797 811 2874 alter,
839 2796 1001 2859 Hormisda
1020 2799 1071 2858 rel
1088 2799 1286 2857 Hormiaanes
1307 2794 1358 2854 rel

250 2879 458 2941 nomint-tea
470 2882 611 2958 nomine,
635 2893 705 2961 post
715 2880 930 2962 lendegeulem
944 2882 1107 2960 sufficitur,
1128 2884 1201 2943 eatis
1214 2880 1335 2941 evineta.

340 2966 414 3031 176.
455 2964 603 3045 Agathias
620 2966 676 3026 Iib-
693 2972 763 3046 212·
783 2970 845 3032 122
865 2973 886 3033 6
906 2972 1005 3029 Bonn.

339 3054 413 3117 176.
452 3048 535 3111 hano
551 3050 675 3112 Pisidae
697 3055 943 3133 supputationem
962 3073 1033 3113 oum
1056 3051 1252 3130 ohronologia
1271 3052 1358 3129 Aga·

251 3134 336 3196 thiae
350 3146 382 3195 et
394 3139 557 3197 Assemani
571 3140 731 3197 oonoiiiare
742 3148 947 3217 tentaveram,
968 3138 1024 3199 sed
1038 3140 1139 3198 irritua
1153 3138 1251 3197 omnis
1264 3154 1358 3195 oona·

252 3232 301 3282 tus
320 3224 391 3282 fuit.
432 3239 508 3282 nam
526 3221 797 3305 quomodocunque
812 3221 894 3283 hano
907 3229 949 3291 76
963 3244 1111 3284 annorum
1125 3218 1284 3303 periodum
1297 3239 1357 3280 ex·

250 3305 385 3387 pendas,
407 3326 516 3389 quam,
540 3319 575 3367 nt
594 3307 727 3385 videtur,
749 3320 887 3369 auotores
904 3310 963 3370 sibi
982 3330 1107 3371 ooaevos
1118 3318 1239 3369 seoutus
1252 3306 1358 3365 statuit

251 3404 370 3467 noster,
393 3394 568 3453 mullatenus
582 3397 742 3453 convenire
756 3393 979 3474 deprehendes,
1000 3395 1153 3478 siquidem
1164 3394 1218 3452 ille
1230 3390 1356 3451 huinsoe

248 3475 1357 3647 itm{rittffiffldffittttffit‘sstih‘tl'

248 3650 355 3728 quenti
377 3666 468 3707 versu
488 3652 561 3715 199.
604 3670 645 3709 ex
657 3660 720 3710 toto
735 3652 820 3709 enim
834 3648 925 3712 huius
938 3653 1087 3731 po'ematia
1101 3658 1245 3711 contextu
1258 3664 1356 3726 appa·-

247 3742 294 3791 ret
310 3729 387 3793 haeo
401 3734 556 3813 seripsisse
571 3734 707 3795 Pisidam
725 3738 830 3795 statim
853 3756 888 3797 ao
908 3740 1033 3797 nantino
1047 3734 1085 3794 do
1098 3733 1189 3795 oaede
1203 3730 1356 3793 chosroae

246 3818 356 3897 (ipolin
371 3818 480 3878 allatus
495 3831 552 3879 est.
594 3823 698 3902 itaque
712 3823 739 3881 si
753 3840 867 3881 annum
880 3824 1137 3902 septuagesimum
1148 3828 1270 3881 sextum
1283 3824 1356 3875 ante

245 3914 376 3963 mortem
396 3901 548 3965 chosroae
567 3918 710 3967 exartum
725 3908 878 3988 inquiren,
898 3911 932 3968 iu
947 3926 1061 3967 aunum
1074 3906 1261 3967 dominioum
1274 3902 1354 3961 inni·

243 3986 299 4049 des
317 3989 396 4064 651,
418 3992 472 4071 qui
493 3990 552 4049 fuit
571 3994 658 4071 regni
680 3990 832 4053 chosroae
851 3996 978 4054 senioris
996 3996 1163 4073 vigesimus
1182 3986 1354 4051 urendus:

243 4071 327 4133 huno
341 4077 425 4133 anim
437 4078 523 4135 aiunt
534 4080 667 4138 tenuisse
680 4095 810 4157 regnum
825 4094 922 4138 annos
938 4078 992 4144 48.
1036 4084 1067 4138 ot
1086 4078 1198 4138 seniori
1210 4072 1355 4135 enooeasit

241 4159 422 4221 Hormiadaa
442 4162 494 4220 vel
514 4162 726 4225 Hormisdares
750 4164 850 4239 filius,
881 4163 1060 4224 Hormisdae
1081 4174 1183 4224 auum
1204 4158 1355 4221 Chorene·

241 4246 359 4322 iunior,
381 4260 511 4328 quorum
520 4248 575 4307 ille
588 4266 683 4309 annon
699 4255 755 4323 12,
777 4246 829 4309 hio
844 4269 916 4309 vero
930 4252 971 4315 88
985 4262 1127 4329 regnasse
1143 4250 1249 4309 feruor.
1292 4240 1354 4301 ho·

243 4349 312 4391 nnn
329 4333 424 4412 igitur
448 4334 542 4393 ιιὶιιιι
563 4352 672 4415 regrum
692 4333 904 4396 tautummodo
928 4338 1118 4396 snooeseione
1138 4336 1180 4400 76
1202 4344 1354 4393 annom
1409 4364 1413 4371 ·
