3000 4850
440 333 697 404 DESCRIPTIO
722 332 758 406 S.
785 333 977 408 sormln
1210 335 1262 410 75

153 523 262 586 perum
282 503 478 564 substitutum
498 511 631 564 censent.
693 512 815 564 uettuor
841 524 931 585 porro
951 507 985 564 in
1009 501 1085 566 eede
1107 501 1263 586 Sophiam

155 589 315 650 nertheoee
334 592 438 650 etendt
458 588 606 650 codinnet
629 581 692 653 α’ττο
706 593 765 653 τοῦ
783 583 918 673 βήματος
934 590 1019 674 μέχρι
1032 595 1096 655 τῶν
1107 588 1263 674 τεσσάρων

156 671 344 756 ναρθήκων,
365 685 399 734 ut
417 685 448 734 et
461 678 658 756 Anonymue:
679 674 732 737 eol
744 679 808 739 veie
821 672 976 756 τεσσάρων
990 671 1160 756 ναρθήκων
1174 699 1263 740 κατε-

156 759 293 842 χρόσωσε
305 757 342 822 rol
355 757 456 839 ὅροφν
470 759 501 837 li
514 759 637 824 delieov
651 764 766 840 χρυσοῦ
777 757 975 843 λαρκρότατα.
1018 761 1073 822 eed
1086 765 1152 821 iure
1164 761 1265 822 oddu-

156 847 248 905 biteri
265 857 364 926 potent
380 865 420 904 en
438 843 497 906 hoo
510 847 577 906 loeo
596 856 737 926 quattuor
751 847 870 927 eliquee
882 850 1015 928 portione
1032 851 1196 908 exteriores
1212 850 1265 906 in-

155 935 276 1006 nuerit,
297 930 384 990 binae
405 932 520 992 scilieet
541 928 580 992 ed
601 930 788 990 occidentem
801 943 832 991 et
846 931 921 991 duee
937 933 1012 992 eliae
1030 931 1070 991 ed
1081 937 1265 1013 septentrio-

156 1037 240 1084 nem,
251 1027 281 1076 et
302 1016 471 1076 meridiem.
515 1015 597 1098 quod
613 1015 737 1098 quidem
752 1015 886 1077 indicere
901 1017 1022 1077 videtur
1037 1017 1121 1078 idem
1134 1021 1266 1098 Anony-

155 1123 243 1177 mus,
270 1103 400 1162 scribens
423 1103 624 1161 luetinienum
639 1105 779 1162 statuisse
801 1103 861 1183 (en
877 1123 965 1178 rere,
988 1105 1041 1162 elii
1058 1102 1207 1182 viderint)
1229 1113 1266 1163 nt

156 1189 296 1268 quisquis
312 1207 367 1266 pro
381 1186 561 1247 delictorum
577 1185 668 1246 modo
685 1198 836 1247 arceretur
851 1208 869 1247 e
885 1191 993 1263 merie,
1014 1191 1048 1247 in
1060 1186 1110 1250 hle
1123 1199 1265 1270 quattuor

155 1271 352 1332 nertheoibue
374 1283 483 1349 eteret3
514 1292 574 1354 qno
590 1271 715 1354 quidem
728 1273 796 1334 loeo
811 1273 905 1353 φὶννς
917 1273 1075 1334 nerthecee
1087 1285 1190 1349 vocet,
1213 1277 1265 1332 in-

155 1368 314 1437 oomperte
333 1356 411 1417 mihi
428 1361 561 1433 retione,
581 1360 642 1418 niel
657 1359 735 1420 forte
751 1357 835 1441 quod
851 1357 890 1418 ed
905 1361 1012 1440 templi
1024 1359 1101 1420 lines
1113 1359 1265 1420 heberen-

154 1455 207 1503 tur
226 1445 360 1523 portione
377 1446 452 1504 istae
475 1445 650 1504 exteriores.
693 1454 773 1504 certe
794 1447 917 1504 tertium
935 1443 1110 1505 nertheoem
1128 1443 1266 1506 eiusdem

155 1526 244 1587 aedis
274 1527 445 1608 Sophienee
471 1529 629 1590 observare
656 1539 703 1588 eet
728 1530 1182 1611 inrextaSynodoect.18,
1209 1529 1265 1590 nbi

153 1608 349 1694 δτκῦμβαλον
368 1613 402 1678 ὃν
421 1614 511 1698 τρίτῳ
532 1609 668 1697 νάρθηκι
686 1609 817 1698 μεγάλης
832 1615 1156 1697 ἱκτλησίαςτῒιτιιίτιιτ,
1177 1617 1265 1676 nullo

154 1700 220 1758 elio
239 1697 370 1773 indici03
394 1703 447 1780 qui
465 1698 590 1782 quidem
608 1703 714 1760 tertiue
730 1699 861 1762 nerthex
876 1704 972 1782 prime
987 1703 1121 1762 fortereie
1138 1703 1230 1760 fuerit
1244 1721 1264 1759 e

153 1785 254 1844 tribue
275 1786 455 1865 portioibue‚
477 1805 553 1867 quer
577 1785 616 1845 ed
639 1783 826 1848 oooidentem
846 1785 930 1846 eedie
954 1785 1125 1868 Sophienee
1145 1790 1265 1846 etetieee

153 1871 262 1930 scribit
284 1871 397 1930 Peulue
418 1871 627 1947 silentiarius,
658 1890 797 1954 quaeque
823 1867 969 1948 ἐξότατος
995 1869 1119 1953 νάρθηξ
1144 1871 1265 1932 videtur

153 1957 326 2034 nuncupari
347 1953 428 2034 opud
453 1957 583 2018 eundem
604 1961 800 2036 Anonymmn
822 1976 854 2036 p.
876 1957 950 2020 248.
999 1977 1073 2017 nem
1091 1967 1195 2016 euotor
1217 1967 1265 2018 eet

155 2041 276 2100 Goerue
298 2043 465 2100 etiamnum
485 2044 606 2103 Greeoit
628 2039 846 2124 ἐξωνᾶρθηκας
866 2045 1029 2103 exteriores
1053 2046 1201 2122 portione,
1228 2052 1264 2101 nt

155 2127 316 2185 interiore·
328 2123 548 2207 ἕτωνᾶρθηκας
562 2127 631 2187 diei.
675 2147 764 2208 porro
778 2122 981 2209 δτκῦμβαλνν,
1001 2131 1036 2186 ni
1049 2129 1156 2202 folior,
1178 2129 1265 2187 looue

155 2221 203 2270 eet
231 2221 368 2271 ooneteue
390 2209 506 2274 duobus
519 2215 635 2290 uultu,
655 2215 850 2294 κνμβαλνκνῖς
863 2233 917 2274 een
932 2216 966 2272 in
982 2213 1109 2275 modum
1123 2213 1265 2294 cymbali,

155 2294 417 2377 quemadmodum
433 2299 493 2358 fuit
512 2301 610 2359 meior
629 2298 714 2359 eedie
733 2301 839 2375 trulle,
862 2302 1031 2360 exstruetie.
1075 2302 1118 2358 ite
1138 2295 1267 2380 τρτκόμ-

155 2384 256 2464 βαλον
271 2385 328 2446 rori
343 2386 590 2466 τζνκνντστηρίον
604 2395 754 2445 memoret
766 2384 878 2446 elionbi
891 2384 1024 2446 eodinus
1036 2389 1069 2447 in
1084 2385 1268 2465 Originibue.

153 2470 224 2527 iure
248 2470 341 2548 igitur
359 2470 491 2531 Alletine
511 2470 586 2530 heeo
607 2472 699 2531 verbe
714 2470 753 2530 de
766 2469 909 2531 nertheoe
925 2473 1033 2531 infert:
1056 2471 1183 2531 nartleeae
1198 2491 1268 2530 vero

156 2564 245 2612 extra
261 2552 506 2635 eccleeiamsorte
522 2578 565 2615 an
579 2558 714 2637 antiquie
729 2556 911 2636 temporibus
919 2557 1033 2637 suerit,
1057 2578 1118 2616 non
1132 2558 1265 2635 Δωρικο.

154 2659 231 2697 nem
247 2650 281 2698 ut
294 2637 468 2716 nartheca,
492 2640 574 2722 quod
589 2662 629 2700 ex
642 2641 803 2721 praedictio
819 2646 891 2703 eetie
907 2653 1005 2722 petet,
1028 2644 1103 2703 olim
1114 2653 1201 2701 extre
1216 2662 1269 2703 ee-

155 2727 285 2785 cleeiem
297 2744 351 2785 eeu
366 2729 466 2807 potius
482 2738 568 2787 extre
585 2728 729 2787 eooleeiee
743 2730 939 2809 septenium,
961 2730 1019 2788 etei
1030 2728 1126 2803 forte,
1146 2738 1181 2787 ut
1193 2746 1267 2807 prn-

155 2813 229 2885 nei,
252 2814 328 2869 seori
344 2809 544 2888 haberentur,
566 2814 608 2871 ito
621 2816 756 2872 vicissim
768 2834 824 2893 pro
838 2825 917 2873 eerto
934 2812 1040 2872 heberi
1056 2812 1146 2872 debet
1162 2822 1266 2892 poete-

155 2896 289 2955 rioribne
310 2898 438 2957 eoeoulie
454 2896 628 2957 nertheoem
643 2918 711 2957 eom
728 2899 812 2960 aedis
826 2919 927 2959 eeoree
944 2911 1077 2979 purtem,
1097 2917 1190 2979 quem
1206 2896 1266 2958 ho-

157 2980 209 3041 die
234 2983 340 3039 navim
362 3002 519 3057 vocemus,
544 2984 743 3063 appellatum,
766 2995 800 3043 ut
814 2996 897 3064 petet
909 3004 950 3043 ex
964 2982 1152 3061 Euohologio
1168 2992 1198 3041 et
1213 3002 1266 3041 ee-

157 3068 231 3125 terie
247 3068 429 3127 Graecorum
445 3069 602 3129 ritualibus
618 3070 703 3128 librie
721 3080 753 3128 et
769 3072 885 3151 eliquot
899 3070 1050 3129 inferioris
1068 3070 1174 3127 eetetie
1187 3069 1265 3125 ecri-

158 3152 310 3232 ptoribue,
333 3172 410 3235 quos
433 3152 538 3213 leudet
557 3152 641 3213 idern
658 3155 790 3214 Alletiue
809 3158 842 3213 in
860 3157 985 3215 Dieeert.
1007 3153 1046 3214 de
1065 3155 1266 3213 recentiorum

159 3238 344 3297 Graecorum
364 3240 486 3317 templis
509 3258 540 3318 p.
566 3244 625 3302 110
647 3250 677 3298 et
702 3242 906 3323 sequentibus.
949 3238 999 3299 hie
1019 3242 1122 3299 ferere
1147 3236 1267 3297 videtur

158 3325 296 3381 Lexioon
312 3344 359 3384 me
378 3344 419 3383 ex
435 3322 617 3384 bibliothece
631 3326 743 3404 Regia,
768 3324 835 3386 eod.
847 3329 949 3400 2062,
970 3336 1004 3386 ut
1022 3337 1053 3385 et
1074 3334 1176 3384 euotor
1188 3326 1267 3405 Ety-

158 3409 318 3487 mologioi:
342 3402 541 3489 νόρθηξκίττὸ
556 3414 613 3471 τοῦ
632 3410 744 3493 νέρθεν
765 3408 864 3492 ἤγουν
884 3405 1024 3474 κάτωθεν
1044 3414 1100 3474 τοῦ
1123 3406 1269 3490 ἄμβωνας

157 3499 292 3557 κεῖσθαι.
336 3492 408 3553 hino
437 3497 519 3553 enim
542 3497 688 3554 evincitur
706 3495 882 3555 nertheoem
904 3499 937 3553 in
957 3499 1083 3556 eooleeie
1105 3497 1267 3570 exstitisse,

159 3581 186 3641 ni
209 3578 335 3661 quidem
356 3581 435 3639 infre
457 3580 617 3639 umbonem
631 3583 765 3656 exstitit3
790 3581 882 3663 idque
895 3579 967 3641 inde
981 3582 1096 3643 ieotum
1114 3583 1268 3655 existimo,

159 3664 245 3746 quod
265 3685 336 3724 cum
353 3668 386 3724 iu
403 3666 557 3747 plerisque
577 3667 698 3745 templis
715 3687 750 3726 eo
766 3666 891 3729 oedibus
907 3671 999 3729 eeerie
1017 3667 1157 3727 deeeeent
1176 3685 1270 3746 oepe-

160 3752 257 3811 cioree
271 3752 404 3831 portione
422 3761 451 3809 et
464 3750 621 3811 nertheoee
633 3749 674 3810 ed
686 3772 791 3812 eorum
803 3753 969 3829 vestibula,
992 3756 1046 3835 qui
1063 3772 1104 3813 ex
1119 3769 1271 3811 oenonum

160 3847 321 3915 praecepto
335 3836 368 3894 in
382 3838 420 3895 ile
434 3839 595 3897 ooneietere
609 3837 806 3914 tenebantur,
827 3842 906 3898 intre
918 3842 1013 3918 ipsine
1027 3840 1171 3898 eenleeiee
1183 3837 1268 3895 cleu·

160 3932 222 3980 stre
244 3918 439 4000 postmodum
462 3921 587 3982 edmiuei
608 3924 684 3997 rint,
716 3926 760 3983 ite
781 3934 885 3983 temen
905 3936 939 3985 ut
961 3945 980 3985 e
998 3926 1115 4006 relique
1132 3921 1270 3981 fidelium

162 4006 250 4084 plebe
265 4005 514 4083 dieoemerentur,
537 4027 632 4089 euque
646 4009 764 4069 obirent
776 4012 881 4069 munie
895 4030 973 4091 quee
985 4012 1019 4070 in
1030 4006 1173 4070 nertheoe
1184 4008 1269 4081 olim,

162 4093 196 4147 iu
212 4094 310 4171 primo
327 4090 450 4151 aedium
465 4112 617 4153 morarum
630 4104 720 4175 etque
735 4094 812 4155 adeo
828 4099 935 4175 pronai
952 4097 1003 4157 vel
1018 4096 1108 4155 κανὶν
1120 4097 1269 4171 ingressu.

163 4174 245 4235 unde
258 4188 339 4237 reete
353 4176 511 4239 nertheoee
526 4178 604 4237 dixit
618 4180 751 4260 Symeon
766 4174 1271 4262 Thessal.0pusou1.0ontrahae-
1288 4180 1378 4238 Ρ536

164 4281 262 4336 reses,
285 4284 340 4322 eur
360 4264 505 4323 nimirum
523 4275 637 4341 aetate,
657 4269 719 4331 reio
739 4272 826 4332 eurio
844 4260 943 4352 ἀρχάς
959 4273 1158 4346 nuncupator.
1200 4258 1271 4322 ride

162 4344 384 4429 Theophanem
399 4370 430 4431 p.
446 4352 519 4417 208.
