3000 4850
446 247 503 316 tu
529 247 813 320 mertuorum
835 252 988 321 NOTAE.
1200 258 1273 329 103

167 416 241 475 feria
262 419 282 479 8
306 414 445 496 crispum
467 417 501 475 in
521 416 663 476 clericum
682 411 853 477 detonsum.
894 417 1010 479 factm
1025 416 1085 481 hcc
1101 431 1147 483 est
1163 420 1272 484 eodem
1288 432 1311 486 P
1326 433 1361 490 61

166 520 246 561 auno
260 500 340 575 612,
362 500 470 561 lndict.
486 503 504 565 1
522 502 585 561 iam
601 498 751 561 inchoata.

250 605 282 664 p·
293 587 315 647 7
328 604 359 643 r.
375 584 426 649 11.
468 584 489 649 6
503 582 609 661 πάπας
623 585 781 669 Κρίσπος]
803 584 990 648 observanda
1002 585 1078 648 haec
1090 591 1272 671 appellatio-

165 673 214 731 nis
230 672 370 731 sonuula.
413 689 524 751 papam
537 682 642 747 vocat,
664 682 698 730 ut
717 674 840 751 opinor,
864 670 947 753 quod
964 674 997 730 in
1014 675 1157 734 clericum
1169 687 1271 737 atton-

165 776 216 815 sus
232 766 320 814 esset.
365 755 478 837 alioqui
491 757 563 818 solis
577 756 768 838 pontificibus
780 775 877 837 papae
889 777 1000 817 nomen
1013 759 1200 820 attributum.

249 839 291 899 ib.
307 860 337 899 r.
350 843 401 905 19.
443 836 478 905 τὸ
502 837 664 925 λεγόμενον
685 846 743 923 τῆς
764 837 894 923 Χοίρας]
913 844 1069 924 pmprium
1089 865 1202 905 nomen
1222 858 1270 907 est

164 919 272 1007 χώρας.
315 923 486 985 cedrenus:
507 933 592 993 ποιεῖ
613 918 670 991 οὖν
691 922 788 991 αιίτόν
808 926 970 1008 κληρικόν,
990 926 1044 990 eol
1066 926 1100 991 ίν
1122 935 1162 1014 τῇ
1184 935 1268 1017 μονῇ

164 1016 220 1089 τῆς
233 1005 341 1091 Χοίρας
355 1012 532 1093 περιορίζετ,
552 1022 587 1071 ut
603 1023 633 1072 et
645 1011 725 1093 apud
739 1013 927 1093 syncellum.
968 1010 1029 1072 hoo
1042 1022 1089 1073 est
1100 1016 1134 1073 ἰπ
1151 1015 1267 1074 Chorus

164 1099 341 1155 nwruarten'o
364 1096 490 1157 claudit.
534 1117 592 1157 neo
617 1108 697 1157 recte
725 1096 883 1177 Xylander
907 1097 1007 1156 οοίιτπτ
1033 1110 1144 1157 vertere
1171 1100 1262 1161 mter.

162 1179 368 1260 Theophanes
383 1183 416 1241 in
432 1202 459 1241 a.
476 1186 496 1247 8
510 1183 693 1263 copronymi
710 1185 886 1242 monasterii
902 1180 993 1242 haim
1008 1186 1158 1244 meminit.

247 1287 278 1346 p.
293 1267 314 1329 8
327 1287 356 1327 r.
368 1269 399 1329 2.
444 1267 487 1341 είς
497 1270 659 1349 κίηρτκοά]
684 1266 828 1347 Theoph.
839 1288 868 1328 a.
882 1265 904 1329 1
916 1266 1049 1327 Phocae.

245 1350 287 1411 ib.
306 1373 336 1411 v.
351 1355 383 1415 7.
425 1346 574 1433 ὀλίγον-61
590 1350 719 1435 χρόνον]
742 1373 823 1413 enno
838 1354 969 1413 Heraclii
982 1357 1003 1417 2
1017 1354 1143 1413 moritur
1157 1350 1265 1413 Eudo-

164 1438 226 1512 cia,
248 1438 292 1495 uti
307 1438 439 1497 scribunt
454 1436 606 1497 cedrenus
621 1450 651 1497 et
666 1435 890 1517 Theophanes,
912 1440 966 1519 qui
980 1436 1061 1498 diem
1075 1449 1166 1520 atque
1178 1436 1264 1497 lndi-

163 1525 291 1581 ctionem
313 1520 453 1599 adnotat,
476 1526 606 1602 Augusti
623 1521 677 1598 14,
699 1522 806 1582 Indict.
822 1523 872 1588 15.
916 1523 1043 1603 pminde
1057 1544 1086 1582 a.
1100 1525 1178 1599 612,
1200 1543 1263 1582 non

140 1670 143 1681 ,
162 1606 367 1683 antecedenti,
390 1617 423 1666 ut
445 1626 602 1687 perperam
616 1606 849 1689 chronographi.
890 1612 1037 1669 consentit
1053 1610 1146 1669 Alex.
1164 1607 1262 1667 chro-

162 1696 271 1769 nicon,
294 1691 376 1776 quod
392 1691 432 1751 ad
446 1694 645 1753 Indictionem
660 1697 782 1769 attinet,
805 1713 863 1753 neo
881 1692 919 1753 de
936 1692 984 1753 die
1000 1694 1132 1752 mrdtom
1146 1692 1261 1755 discre-

162 1788 231 1857 pat:
260 1782 300 1864 rqj
329 1772 364 1883 ay'
393 1783 450 1845 τοῦ
475 1773 654 1861 Ατίγοάατοο
672 1775 782 1861 μηνός,
812 1782 868 1859 τῆς
888 1773 984 1860 adreio
1003 1775 1035 1841 ια’
1055 1772 1260 1857 titanum,

160 1860 259 1948 ἡμέρᾳ
278 1886 392 1951 πρωτῃ.
442 1866 469 1923 si
490 1865 619 1943 Augusti
643 1868 700 1938 18,
730 1862 880 1923 dominico
899 1863 950 1924 die
972 1864 1062 1938 obiit,
1089 1865 1180 1943 plane
1201 1861 1261 1923 hoc

160 1968 239 2007 anno
259 1952 338 2023 612,
363 1950 446 2029 cyclo
465 1950 536 2009 solis
551 1950 590 2025 5,
613 1952 698 2009 litera
719 1948 833 2009 domin.
851 1952 891 2008 A.
933 1951 986 2030 qui
1007 1968 1086 2007 auno
1106 1950 1260 2027 superiora

160 2044 308 2092 mortuam
322 2037 408 2093 illam
421 2036 570 2107 scribunt,
592 2035 639 2093 bis
654 2054 723 2094 eam
733 2036 884 2113 peperisse
899 2054 961 2093 non
975 2031 1260 2109 animaduerterunt,

159 2138 259 2200 neque
277 2132 345 2179 ante
361 2121 520 2181 Octobrem
536 2122 606 2178 anni
620 2120 682 2185 610
696 2120 835 2179 Heraclio
846 2122 995 2200 nupsisse.

243 2225 276 2283 p·
292 2210 312 2269 9
328 2226 356 2264 v.
370 2208 401 2270 7.
444 2201 477 2268 sd
491 2199 645 2285 άμφίτον]
669 2202 849 2264 schedarum
860 2223 968 2284 purum
980 2213 1086 2283 putam
1099 2202 1262 2262 lectionem

159 2292 379 2367 expressimus,
401 2292 458 2349 etsi
472 2309 532 2349 non
548 2287 720 2349 dubitamus
734 2292 808 2371 quin
822 2286 940 2370 άμφιοκ
953 2286 1195 2350 substituendum
1208 2289 1259 2348 sit.

159 2392 219 2455 qua
236 2394 308 2434 roca
325 2379 404 2436 iuter
419 2384 532 2434 ceteros
547 2394 621 2436 usus
637 2385 682 2434 est
697 2378 846 2438 ltlacarius
861 2378 950 2436 Hom.
966 2378 1002 2440 l:
1025 2372 1079 2439 καί
1092 2369 1260 2461 άμφιαοθῇ

158 2460 191 2524 ἐκ
205 2464 259 2541 τῆς
273 2458 420 2540 θεότητος
432 2456 549 2541 άρρητα
565 2458 666 2541 άμφια
677 2455 823 2542 οτίρανίοο
837 2461 977 2534 κάίίοος.
1118 2502 1121 2506 »

243 2543 284 2604 ib.
302 2565 332 2604 τ.
349 2549 398 2608 16.
442 2542 484 2626 μοὶ
505 2545 592 2625 δίκης
610 2543 727 2626 royda}
751 2558 782 2606 et
804 2546 860 2606 hic·
876 2557 907 2606 et
927 2548 1001 2606 alibi
1013 2546 1131 2626 passim
1140 2542 1258 2603 defecta

157 2631 272 2710 aliquot
297 2631 451 2710 particulis
474 2649 510 2690 ac
531 2633 649 2710 copulis.
666 2635 772 2693 oratio.
820 2631 854 2691 id
875 2631 956 2714 quod
978 2632 1074 2692 semel
1094 2627 1258 2689 admonere

155 2717 228 2776 tofis
247 2726 302 2776 est.

240 2821 273 2880 p.
289 2803 329 2867 10
344 2821 372 2859 r.
388 2807 417 2864 1.
459 2795 513 2862 rte
528 2799 735 2880 Βουτηίίνον]
756 2803 873 2860 variant
893 2798 1023 2860 schedae
1042 2802 1079 2858 in
1096 2795 1187 2856 huius
1199 2815 1258 2854 no-

156 2887 247 2945 minis
261 2888 436 2966 scriptione,
459 2895 493 2942 ut
505 2887 623 2943 nescias
638 2887 827 2946 Vitulinusne
839 2905 878 2944 an
891 2887 1118 2944 Betulenuseut
1132 2883 1257 2941 Vetulo-

156 2992 214 3032 nus
227 2973 334 3030 Latine
348 2968 484 3052 quadret.
526 2971 638 3049 quippe
651 2973 676 3026 B
691 2971 811 3030 literam
823 2972 904 3030 reris
920 2981 1002 3030 aetus
1012 2969 1065 3028 illa
1080 2968 1258 3048 pronuntia-

156 3059 217 3132 rit,
241 3055 278 3114 da
294 3077 353 3138 qua
367 3076 400 3115 re
410 3055 488 3115 alibi
503 3051 731 3133 disputavimus.

239 3141 281 3200 τ’6.
301 3161 331 3202 v.
349 3141 381 3206 1.
422 3135 594 3220 Ἡράκλειος
606 3137 638 3202 δὲ
653 3137 702 3202 τὸν
715 3135 805 3218 αίόν]
828 3136 1032 3218 Theophanes
1053 3137 1105 3216 (p.
1117 3130 1180 3198 215
1194 3134 1256 3212 (l):

115 3249 119 3256 ·
155 3220 253 3288 τοάτω
273 3232 315 3312 τῷ
335 3225 393 3290 drea
414 3224 488 3306 μηνὶ
506 3219 676 3308 Ὀκτωβρίῳ
693 3220 729 3303 d',
751 3225 808 3287 ίνδ.
827 3220 865 3300 α’,
885 3224 1019 3300 losicin
1034 3215 1257 3300 Ἐττιφάντιαῆ

154 3289 293 3395 θυγάτηρ
311 3309 487 3393 Ἡρακλείου
500 3303 562 3374 6πὸ
577 3311 705 3392 Σεργίου
718 3306 903 3391 πατριάρχου
914 3301 1080 3390 Λάγοάοτα
1097 3305 1132 3368 ἐκ
1145 3308 1190 3388 τρο·
1205 3297 1256 3366 eri·

153 3399 268 3479 κτηρίιο
291 3400 346 3462 τοῦ
370 3393 460 3478 άγίοο
482 3391 644 3474 Στεφάνου
666 3395 699 3460 ἐν
721 3401 763 3458 τοί
784 3396 928 3480 παλατίρο.
969 3397 1012 3477 τῷ
1031 3389 1064 3454 dl
1079 3389 1255 3472 Δεκεμβρίῳ

154 3482 228 3562 ςαρνί
247 3459 302 3558 ha',
321 3485 361 3630 κρῖ
382 3475 462 3590 αάτρῐ
483 3475 587 3629 πράτῃ
609 3481 684 3558 tva,
706 3458 843 3560 tortora
860 3475 1031 3562 Ἡράκλειος
1049 3470 1255 3576 totteJipc-

154 3567 255 3631 κίείοο
279 3559 296 3630 6
317 3590 337 3630 ν
352 3589 402 3642 ος,
434 3591 450 3631 ο
473 3591 512 3630 κα
547 3571 794 3642 ituresnimium,
822 3561 887 3630 6πό
908 3563 1038 3646 Σεργίου
1057 3582 1254 3641 πατριαρχοο.

155 3663 188 3712 at
209 3651 321 3714 chron.
338 3653 430 3712 Alex.
444 3649 647 3734 Epiphaniam
665 3661 836 3712 coronatam
860 3650 965 3710 asserit
985 3645 1092 3707 eadem
1109 3643 1216 3704 Indict.
1235 3649 1250 3708 1

155 3749 186 3798 et
199 3739 263 3798 Oct.
277 3735 312 3814 1,
334 3737 409 3798 seria
424 3734 462 3812 1,
483 3737 537 3798 aed
552 3738 780 3797 Constantinum
796 3738 918 3796 nomisi
933 3753 1011 3793 anno
1026 3733 1164 3813 sequenti
1179 3732 1253 3804 616,

154 3825 286 3884 ianuarii
303 3828 360 3897 22,
383 3823 460 3882 feria
478 3826 509 3888 2.
551 3827 718 3883 necessario
742 3843 778 3882 eo
802 3820 884 3903 quod
900 3819 965 3880 dixi
982 3838 1078 3894 anuo,
1101 3817 1185 3896 cyclo
1201 3833 1253 3874 so-

155 3909 194 3969 lis
209 3913 245 3984 6,
266 3909 345 3968 liter.
362 3907 444 3968 dom.
460 3910 497 3967 0.
541 3928 581 3967 ex
605 3929 666 3989 quo
687 3906 736 3966 die
755 3910 789 3967 in
809 3909 883 3967 actis
902 3904 1031 3964 adscribi
1044 3904 1143 3980 coepit
1157 3919 1253 3960 annus

154 3995 270 4074 primus
282 3995 414 4054 Heraclii
424 3995 560 4053 iunioris.
606 3991 656 4052 hio
672 3995 755 4054 locus
769 3994 840 4074 quia
855 3989 894 4051 ad
906 3989 997 4050 huius
1011 3987 1153 4048 historiae
1167 3977 1255 4065 διάρ-

155 4086 275 4161 θρωσιν
296 4099 479 4160 magnopere
496 4081 641 4160 pertinet,
674 4077 723 4138 hic
743 4075 959 4139 subiiciendus.
1002 4073 1054 4138 uui
1067 4065 1134 4134 ’ἄπ’
1159 4063 1254 4148 elate

155 4169 211 4244 ”lt
227 4159 275 4246 κβ
294 4170 349 4230 τοῦ
367 4160 553 4249 Ἰανουαρίοο
574 4161 671 4247 μηνιίς
692 4159 842 4246 ἐπετράπη
858 4158 1035 4246 γράφεσθαι
1054 4151 1128 4238 μετά
1147 4151 1181 4218 τὸ
1198 4147 1255 4232 (lv

156 4243 306 4332 ὀνόματι)
329 4252 481 4335 βασιλείας
496 4255 557 4315 τῶν
575 4247 743 4317 θειοτάτων
762 4247 852 4333 ἡμῶν
871 4249 1025 4314 δεσποτῶν
1041 4241 1092 4308 καί
1109 4242 1254 4325 μεγίστων
