3000 4850
400 350 404 362 ·
472 325 672 396 runslunu
695 326 905 397 AGROASIN
929 330 971 398 Π.
1205 316 1278 407 103

167 492 315 581 τραιιίζας
323 492 386 556 τοῖν
400 486 596 575 οίναιραντοίν
609 496 732 558 θυσιόν
746 489 885 573 αίμοίτων
898 491 1073 577 μιαιφόνων
1083 492 1274 584 ίτλήρωσαν,

168 581 221 645 καί
238 574 313 655 “cde
333 572 479 656 οίίίκιοας
500 584 561 642 τῶν
581 584 695 643 παθῶν
714 578 874 658 ίτιιλησίας
892 582 926 646 ίν
947 576 1079 663 ἡδοναῖς
1100 587 1275 670 κραίνουσιν

167 658 435 746 sementivae?
475 675 566 746 etque
587 664 664 725 haec
681 684 755 725 sane
778 666 917 725 allocutio
940 668 1103 746 respondet
1115 674 1274 750 perfectis-

168 755 245 813 sime
262 752 449 832 praeceptis,
471 769 550 832 quae
564 753 597 809 iu
611 754 714 810 Leone
729 752 806 831 imp.
822 772 849 810 c.
867 756 907 817 12
927 756 970 819 72
990 754 1147 834 leguntur:
1169 756 1274 819 Pisida

169 841 253 897 enim
275 856 312 895 eo
333 838 450 912 omnin,
484 854 563 917 quae
585 834 625 895 ad
647 838 812 896 militarem
838 834 1029 917 disciplinam
1053 844 1221 919 pertinent,
1254 864 1274 903 a

168 925 281 983 laconis
308 918 438 979 Toctieis
457 921 578 981 videtur
599 920 747 998 hausisse.
790 920 846 981 sed
868 942 938 981 cnm
953 925 1016 983 Leo
1033 929 1119 985 umis
1133 928 1197 986 fere
1210 940 1274 988 tre-
1371 907 1392 1009 ’0

170 1011 264 1068 centis
281 1017 351 1086 post
365 1016 504 1065 nostram
522 1007 711 1082 inclaruerit,
739 1008 922 1087 probabilior
943 1007 977 1067 fit
999 1011 1147 1070 sententie
1167 1032 1273 1074 eorum

170 1096 224 1175 qui
236 1096 372 1152 Leonem
384 1091 490 1150 dicunt
502 1111 557 1151 sna
569 1094 704 1153 Tectioe·
713 1112 753 1152 ex
770 1103 907 1152 veterum
925 1095 1103 1174 scrIptornm
1117 1116 1274 1159 commen-

168 1180 254 1238 tariis
285 1178 481 1257 compilasse,
520 1196 599 1258 quae
626 1176 749 1238 Pisidas
778 1181 870 1239 etiam
889 1179 1074 1259 temporibus
1096 1185 1275 1262 pervulgata

168 1266 263 1325 fuisse
276 1283 338 1322 non
350 1274 396 1321 est
407 1257 617 1322 dubitandum.
655 1263 725 1326 vide
738 1263 910 1323 Fabricium
923 1262 1010 1322 Bibl.
1031 1266 1141 1325 Graec.
1155 1271 1175 1331 6
1198 1274 1274 1337 668.

254 1352 307 1413 90.
351 1345 391 1407 ad
409 1346 530 1407 Phocoe
549 1368 669 1409 sacrum
687 1352 854 1428 imperinm
866 1350 899 1409 lit
914 1350 1038 1425 allusio,
1062 1354 1146 1412 cnlns
1168 1364 1274 1433 tyram

169 1433 236 1494 nidi
252 1436 411 1492 leuitatem
432 1445 462 1491 et
483 1433 675 1493 elementiam
689 1454 777 1494 snam
791 1435 947 1495 Heraclius
964 1438 1113 1515 opposuit.
1156 1434 1275 1500 Phocas

171 1524 253 1580 euim
277 1518 347 1578 odio
367 1517 490 1594 haberi,
513 1518 678 1579 dummodo
693 1524 864 1597 timeretur,
886 1540 948 1580 non
964 1524 1095 1596 curavit3
1117 1524 1275 1585 Heraclius

170 1618 272 1664 antem
290 1615 391 1663 contra
408 1607 504 1663 amari
518 1607 627 1664 maluit
643 1626 736 1687 quem
749 1608 860 1664 timeri.
904 1608 1018 1685 optime
1037 1626 1128 1667 saner
1148 1628 1222 1668 nem
1240 1620 1276 1671 ut

169 1693 326 1751 Cornelius
345 1694 447 1770 Nepos
467 1688 603 1751 definivit
619 1694 653 1750 in
668 1692 781 1751 Dione:
802 1690 925 1751 nouem
942 1702 986 1749 set
1002 1693 1162 1771 imperabam
1175 1705 1275 1755 taam

170 1779 231 1836 nisi
247 1774 451 1835 όεοισνοίιιιίὶω
465 1778 626 1835 mmsitum.

254 1866 308 1924 97.
352 1863 483 1920 caritatis
508 1871 591 1921 tanta
612 1862 659 1921 ris
680 1870 727 1921 est
744 1870 780 1920 ut
800 1858 935 1919 divinam
955 1860 1102 1919 iustitiam
1123 1862 1224 1939 placet
1243 1872 1274 1921 et

169 1948 356 2007 calamitates
379 1956 504 2006 avertet.
548 1940 584 2009 sd
604 1944 743 2021 τεθέντες
760 1942 849 2028 νόμοι
865 1956 935 2005 sont
949 1946 1137 2005 sanctissima
1153 1944 1203 2005 dei
1217 1944 1275 2006 de-

168 2044 249 2092 creta
263 2030 303 2091 de
315 2030 477 2111 puniendis
489 2032 662 2092 sceleribus.
693 2030 781 2113 -quid
797 2041 899 2090 autem
911 2034 951 2091 sit
965 2024 1116 2113 ίκβιοίζειν
1130 2027 1204 2108 τούς
1217 2025 1275 2097 νό-

168 2142 261 2201 μους,
281 2117 353 2178 vide
367 2120 401 2175 in
413 2118 563 2176 Hexae'm.
577 2118 641 2181 480
654 2127 685 2176 et
696 2116 771 2180 442.

254 2207 329 2269 106.
370 2200 441 2262 vide
457 2202 588 2261 Acroce.
609 2208 623 2265 1
648 2199 689 2265 24
704 2212 735 2260 et
747 2204 800 2265 32.

254 2292 328 2354 107.
371 2286 482 2347 domne
496 2307 514 2346 n
526 2288 626 2348 Persis
638 2286 739 2360 illeta,
763 2281 869 2342 coedes
885 2293 916 2341 et
929 2283 1154 2364 profanationes
1166 2284 1199 2343 in
1210 2294 1276 2345 tota

169 2376 258 2458 Syrie
276 2384 463 2458 perpetratas
484 2374 642 2433 retulimus
668 2389 709 2430 ex
731 2366 922 2450 Theophane
942 2378 972 2430 et
992 2366 1141 2430 Chronico
1163 2368 1275 2432 Pasch.

153 2463 300 2522 ‘Acroce
322 2466 337 2524 1
362 2463 434 2525 106.

256 2551 328 2612 108.
371 2539 467 2624 λύτρα
480 2537 618 2624 αίμοίτων
634 2543 734 2620 pretio
749 2541 912 2620 caminis
923 2539 974 2600 vel
984 2540 1124 2599 νίοίίαεωε
1134 2551 1275 2598 erotema

169 2643 240 2694 sunt
252 2629 359 2691 caedes
373 2627 473 2688 editae
487 2647 504 2688 e
517 2629 651 2686 barbaris
662 2630 695 2686 in
708 2627 858 2702 ecclesiis,
880 2629 913 2684 in
927 2627 1036 2707 quibus
1049 2622 1212 2684 Christiani
1223 2628 1274 2683 iu-

170 2729 328 2778 cruentnm
342 2715 521 2775 sucrificium
536 2711 575 2772 de
588 2728 672 2772 more
686 2712 861 2774 offerebant.
905 2731 1011 2770 verum
1029 2711 1155 2769 fortasse
1170 2707 1275 2769 Pisida

170 2809 262 2864 etiam
281 2804 403 2881 respicit
419 2800 459 2859 ad
478 2798 513 2859 id
532 2797 615 2881 qnod
634 2809 735 2858 narrat
758 2793 963 2877 Theophanes
974 2818 1009 2875 p.
1027 2795 1191 2858 maanus
1205 2805 1275 2874 post
1310 2835 1313 2842 ·

170 2888 325 2950 christum
343 2897 451 2944 netum
469 2887 532 2950 616
554 2886 706 2947 evenisse:
727 2879 824 2966 τούτῳ
837 2885 880 2967 τῷ
892 2881 950 2945 ίτει
960 2879 1132 2962 παρίλαβον
1147 2879 1181 2942 oi
1191 2877 1275 2958 Πίρ-

172 2995 224 3040 σαι
237 2970 292 3038 τείν
302 2967 474 3054 Ἰορδάνην,
497 2971 706 3049 Παλαιστίνην
720 2965 774 3032 καί
785 2964 843 3047 τήν
858 2963 949 3048 dolos*
961 2961 1051 3029 πόλιν
1063 2963 1183 3046 πολέμῳ
1191 3007 1200 3038 ,
1221 2961 1275 3026 ναί

170 3055 303 3134 πολλοιίς
322 3052 503 3121 simenem
522 3055 556 3120 dv
578 3048 659 3139 ον’τῇ
678 3049 731 3117 ded
750 3048 850 3135 χειρὸς
870 3054 932 3114 τοῖν
950 3044 1119 3126 Ἰουδαίων,
1141 3047 1183 3121 τίς
1198 3049 1276 3126 φασί

171 3169 264 3222 τινες,
283 3138 439 3252 pocritae
458 3140 560 3208 ίννία·
592 3134 679 3203 crisci
697 3134 755 3222 γοίρ
778 3130 948 3240 ω’νοιξμενοι
967 3132 1040 3210 τούς
1063 3127 1276 3216 Χριστιανούς,

170 3228 256 3296 cccci
269 3225 404 3310 ημττόρει
417 3227 557 3302 ἕκαστος,
579 3220 754 3288 sinistram
768 3218 891 3298 αιίιοας.

256 3317 331 3380 111.
372 3311 443 3372 vide
454 3332 549 3392 supra
559 3311 691 3370 Aornos.
710 3314 726 3373 1
756 3307 829 3374 104.

256 3402 330 3464 112.
371 3401 405 3459 in
428 3417 480 3458 ora
498 3395 608 3458 codicis
627 3416 682 3476 pro
698 3394 870 3478 ἐκθερίσαι,
892 3409 970 3472 quaa
986 3396 1031 3448 est
1045 3389 1159 3468 optima
1172 3387 1273 3465 lectio,

170 3485 242 3552 esti
260 3508 277 3548 o
306 3478 316 3504 '
336 3508 376 3548 αι

242 3486 335 3634 iffi}
368 3555 494 3628 ‘Prolem
512 3570 572 3632 135
589 3569 627 3632 9:
648 3558 798 3647 praecipior
819 3556 854 3636 ie
872 3551 1015 3638 κρατήσει
1036 3553 1088 3619 καί
1104 3553 1222 3634 deicolae
1234 3549 1273 3618 cd

153 3681 157 3688 ’
170 3651 268 3738 νήπιά
283 3675 340 3719 σου
351 3651 430 3737 code
441 3650 499 3734 τήν
511 3649 631 3732 πίτραν.
653 3649 758 3710 Pisida
770 3658 872 3730 aperte
886 3643 1012 3706 discedit
1024 3641 1061 3702 eb
1075 3643 1114 3702 iis
1127 3645 1181 3725 qni
1191 3639 1274 3701 hunc

168 3745 328 3804 Psalmum
339 3743 486 3801 Ieremiee
499 3739 628 3797 mallent
639 3735 779 3797 adscribi.

257 3830 330 3895 116.
375 3824 474 3884 codex
487 3822 580 3883 hehet
593 3817 681 3889 cb'sn.

259 3917 332 3978 122.
374 3909 511 3971 Pisidam
539 3901 692 3987 αὕτὸιττην
717 3905 795 3967 haec
822 3901 976 3984 scripsisse
1006 3906 1090 3979 patet
1119 3915 1160 3955 ex
1182 3893 1273 3954 verbo

172 3999 260 4064 ἰδεῖν.
300 4018 358 4058 nec
375 4006 422 4056 est
440 3996 530 4077 plene
545 3992 721 4074 negandum
734 4012 805 4052 enm
821 3994 854 4049 iu
870 3987 929 4048 hoc
941 3986 1041 4067 primo
1055 3982 1137 4042 bello
1152 3981 1275 4039 Persico

171 4095 309 4145 secutum
328 4103 395 4144 esse
409 4082 600 4156 Heraclium,
620 4077 703 4162 qnod
718 4079 819 4156 magia
833 4075 949 4155 patebit
965 4089 1006 4131 cx
1019 4072 1143 4128 Acroas.
1158 4069 1178 4129 8
1202 4067 1275 4140 1⁵1,

170 4169 233 4236 ⁸45
246 4169 364 4319 eigil&
373 4249 579 4332 Theophanes
588 4250 655 4309 loco
668 4268 759 4329 saepe
771 4248 877 4306 citato:
895 4236 989 4306 πόλιν
1001 4235 1035 4302 di
1044 4230 1097 4300 sle
1108 4227 1185 4295 λαδν
1197 4223 1278 4312 noll
1343 4299 1347 4316 ,

171 4341 344 4426 γυμνασίαν
354 4339 522 4422 nouom
537 4333 686 4414 ὁπλίζων,
716 4327 818 4412 τάξεις
831 4327 888 4395 δύο
902 4309 1278 4486 ίνίωλσνῖοπσιησᾶρνοςι

215 4451 316 4522 σίτοις.
336 4447 420 4505 Pirid
